3022 4844
595 341 639 351 .-
662 299 770 474 3ipm
860 394 958 472 spuo
1033 414 1101 470 apua
1205 413 1275 472 spuo
1374 410 1375 414 ’

122 483 205 548 011110
223 483 370 548 tottionis
389 483 551 546 atticiano
653 490 792 535 eastmnum
827 489 968 532 venatos
993 489 1017 532 P.
1044 488 1071 534 lo
1086 486 1147 544 Hya·
1166 485 1321 534 P.Benedict.

662 561 781 606 Oodinum
838 559 950 605 Editores
992 560 1063 606 cinth.
1091 561 1148 608 She·
1198 554 1288 606 Bonelli

934 666 936 670 .
1022 632 1110 678 taleam

86 720 135 774 87.
150 688 282 787 Regula
300 717 514 775 novitiorum.
539 714 626 786 Inoip.

44 805 285 864 Retaooomtaio'a
309 808 433 866 novitate
455 823 554 865 sensus
585 821 628 864 oe·

44 897 137 953 stri...
154 895 217 953 Hoo
245 896 315 953 dicit
329 895 483 968 Apostolus
506 895 544 952 ad
567 893 627 951 Ro—

46 1002 156 1042 manos.

664 852 790 924 spurium
838 853 963 925 spurium
1017 858 1126 909 eertum
1191 857 1298 907 terium

86 1114 139 1166 88.
156 1113 353 1169 Remedium
373 1113 568 1168 defectuum
580 1126 631 1166 re·

44 1201 174 1268 ligiosi.
201 1199 286 1273 Inoip.
304 1199 518 1272 simplicissimo
538 1201 631 1260 animo
657 1196 660 1201 ’

45 1289 184 1347 hesterna
197 1289 259 1348 luoe
273 1290 364 1348 adme
377 1289 531 1348 accedebas
543 1288 632 1349 irater

45 1375 186 1434 Roberte.

88 1505 140 1557 89.
163 1505 212 1558 De
238 1505 446 1572 perfeetione
472 1507 559 1562 vitae
588 1505 632 1559 ad

46 1608 196 1650 sorenes.
226 1592 314 1664 Inoip.
328 1593 439 1652 Beatus
457 1595 539 1652 hoino
553 1612 631 1667 quem

47 1686 80 1739 ta
95 1679 237 1740 erudieris
246 1683 399 1742 Domine...
411 1684 558 1742 Neminem
573 1701 632 1741 oen-

49 1771 108 1827 seri
123 1772 277 1842 sapientem
292 1773 393 1830 fateor.

663 1253 794 1324 spurium
832 1246 957 1319 sponium
1019 1255 1127 1305 eertum

677 1655 782 1704 eentum
846 1647 953 1696 eentum
1018 1646 1126 1697 eertum
1227 1660 1232 1672 ·

90 1900 145 1953 90.
160 1899 294 1954 Summa
309 1901 351 1955 de
363 1902 520 1968 essentia,
531 1905 566 1956 et
578 1901 630 1955 in-

48 1987 259 2056 visibilitate,
274 1992 308 2045 et
321 1990 546 2047 immensitate
558 1990 629 2045 Dei.
662 2002 666 2009 ·

47 2077 141 2148 Inoip.
168 2075 351 2148 Omnipotens
371 2078 448 2135 Dens
471 2079 566 2147 Pater,
585 2077 632 2134 Fi·
672 2075 786 2133 dubium
836 2069 966 2140 spurium
1013 2065 1128 2125 dubium

49 2165 116 2232 iios,
146 2172 175 2222 et
202 2164 324 2237 Spiritus
349 2175 480 2239 sanetus,
505 2184 576 2225 unus
591 2175 632 2224 est

48 2262 139 2325 atque
154 2255 255 2312 trinus.

91 2385 140 2438 91,
155 2374 206 2440 n'e‘
218 2396 280 2439 aex
294 2385 359 2440 alis
383 2387 571 2442 Cherubim.
587 2383 631 2440 In-

49 2469 107 2542 ssiP·
137 2469 159 2527 P
162 2472 234 2529 sima
248 2471 294 2528 ⁸1³
309 2479 352 2529 esi
364 2472 509 2531 confessi&
671 2486 785 2543 dubium
837 2482 964 2552 spurium
1007 2480 1132 2553 sponium
1185 2477 1300 2535 dubiem

94 2780 146 2832 92.
162 2779 210 2833 De
223 2780 324 2834 modo
340 2780 523 2835 confitendi
543 2785 634 2839 etde

51 2868 204 2934 puritate
254 2869 490 2925 eonscientiae.
542 2867 631 2943 incip.

53 2953 192 3023 Quoniam
207 2952 420 3014 fundamentum
436 2966 464 3013 et
476 2936 564 3029 ianua
579 2963 632 3018 vir·

663 2916 788 2986 spurium
834 2911 960 2983 spurium
1020 2913 1127 2966 eentum
1171 2901 1322 2962 verisimile

94 3173 145 3226 93.
169 3172 313 3240 Mystioa
339 3173 519 3241 theologia.
545 3169 631 3243 inoip.

58 3257 128 3317 Viae
141 3258 213 3318 Sion
228 3259 358 3334 tepeat...
376 3261 456 3318 Licet
476 3261 634 3319 Hieremias

55 3347 521 3421 prophetadixerithoeverbum·
667 3305 783 3364 dubium
835 3303 960 3376 sponium
1006 3302 1131 3373 spurium
1186 3295 1302 3354 dubium

95 3567 149 3619 94.
167 3566 411 3633 compendium
425 3567 635 3635 theologicae

53 3653 220 3710 veritatis.
245 3652 333 3726 incip.
351 3653 486 3713 Veritatis
500 3655 635 3729 theologi·

54 3739 280 3800 caesubfimjtas
665 3701 790 3773 spurium
835 3697 960 3769 spurium
1008 3695 1132 3768 spurium
1179 3695 1305 3767 spurium
