3022 4844
58 112 82 155 r<
112 91 226 159 nibus
259 91 528 181 magistrorum,
562 103 595 160 et
626 90 803 180 potissime
840 90 997 180 magistri
1037 102 1070 158 et
1106 91 1213 180 patris
1254 90 1360 160 nostri

63 235 87 281 a
114 215 233 284 bonae
263 215 452 283 memoriae
480 214 596 283 fratris
633 214 827 295 Alexandri,
862 214 911 282 sic
942 214 977 281 in
1008 215 1232 300 sequentibus
1263 215 1362 284 libris

53 336 167 409 'aab
190 359 312 407 eorum
340 338 494 429 vestigiis
523 360 592 407 non
619 337 862 407 recedam...
898 360 915 402 >t
947 338 1094 407 Desinit:
1127 362 1144 404 «
1176 339 1237 408 His
1256 340 1362 430 igitur

76 461 328 551 «praelibatis
358 484 439 530 oum
476 461 690 531 invocatione
720 461 850 552 gratiae
884 461 962 541 Dei,
1002 460 1156 531 calamus
1188 476 1357 531 sumatur.

69 582 323 653 «Exordium.
359 583 582 654 solummodo
617 585 681 654 hoc
709 584 825 653 inveni
857 596 920 653 etc.
956 607 974 650 »
1015 585 1062 652 nb
1094 585 1149 652 his
1177 585 1360 675 postremis

65 705 201 788 verbis,
234 706 392 777 videlicet
416 709 629 778 solummodo
654 709 714 777 ltoc
743 710 857 777 inveni
884 718 944 777 etc.
977 707 1117 777 initium
1143 709 1250 778 sumit
1280 731 1359 798 pro-

67 822 177 919 logus
205 831 397 921 impressus
429 831 573 902 secundi
598 831 678 900 libri
708 831 962 901 Sententiarum
993 837 1025 901 S.
1058 837 1327 903 Bonaventurae.

700 1085 735 1148 V.

161 1325 271 1396 Editis
299 1328 562 1397 Commentariis
590 1333 622 1397 S.
655 1333 912 1397 Bonaventurae
941 1327 978 1396 in
1008 1326 1235 1397 Ecclesiasten
1260 1328 1352 1397 etin

67 1451 301 1540 Evangelium
330 1457 451 1532 Lucae,
483 1451 579 1521 deest
607 1451 773 1542 expositio
803 1451 952 1521 duorum
980 1451 1203 1542 prologorum
1221 1457 1253 1520 S.
1273 1452 1352 1520 Hie-

65 1574 226 1664 ronymi,
257 1575 300 1644 ab
339 1575 460 1645 eodem
499 1580 735 1645 Bonaventura
775 1574 875 1656 facta,
916 1596 1020 1662 quam
1056 1576 1169 1664 primo
1200 1576 1235 1643 in
1266 1597 1353 1644 nova

60 1698 222 1769 editione
249 1699 366 1769 daturi
396 1721 530 1781 sumus,
565 1698 609 1769 ad
639 1699 742 1768 fidem
774 1698 1092 1787 manuscriptorum
1122 1699 1251 1769 saeculi
1279 1724 1349 1769 xm.

682 1953 735 2017 vt.

91 2258 96 2268 .
159 2201 335 2287 impressa
358 2195 504 2286 epistola
529 2195 572 2265 de
596 2194 708 2264 tribus
734 2195 995 2281 quaestionibus
1022 2195 1065 2263 ad
1095 2195 1350 2264 innominatum

52 2320 275 2413 Magistrum
307 2320 376 2389 tine
405 2332 517 2390 caret:
549 2319 610 2406 qui
646 2320 787 2406 quidem
828 2319 977 2389 notabile
1009 2319 1242 2410 fragmentum
1270 2342 1350 2388 con-

54 2445 194 2527 stituit,
226 2444 278 2513 illi
308 2418 507 2513 addendum
539 2426 714 2534 epistolae,
742 2466 783 2512 ex
812 2444 962 2531 quodam
992 2444 1109 2513 codice
1137 2442 1266 2513 Gallico
1291 2443 1351 2511 lto-

51 2592 132 2643 nae
159 2579 259 2639 notae
281 2569 356 2658 jam
381 2567 607 2659 descriptum.

655 2820 725 2884 Vll.

103 3034 107 3039 Ι
157 3063 406 3133 Praelationem
446 3065 482 3132 in
517 3062 626 3133 editas
661 3064 960 3134 Detemtinott'oocs
994 3063 1227 3152 qaeestio-nom
1252 3061 1349 3164 circo

52 3188 236 3279 Regulam
260 3189 295 3256 S.
325 3188 514 3265 Frooct’oct‘,
548 3185 647 3255 valde
679 3185 870 3276 longiorem
904 3183 1040 3254 exhibet
1069 3181 1174 3250 codex
1203 3179 1347 3268 quidam

55 3310 276 3382 Helveticus.
308 3311 373 3393 Qui
397 3310 602 3401 impressam
637 3321 762 3380 attente
786 3307 986 3401 perlegerit,
1014 3316 1207 3376 truncatam
1239 3303 1347 3373 fuisse

55 3434 327 3506 animadvertet.
367 3433 404 3503 Id
445 3456 523 3504 vero
560 3434 647 3503 mihi
688 3444 831 3514 constat,
875 3453 944 3499 non
970 3429 1081 3519 ¹modo
1122 3428 1204 3515 quia
1233 3428 1346 3516 ipsam

57 3559 145 3651 legi,
175 3558 367 3628 sedetiam
397 3558 480 3646 quia
510 3558 622 3648 ipsam
648 3557 780 3628 contuli
804 3578 885 3626 cum
914 3553 1053 3623 laudato
1075 3551 1193 3621 codice
1222 3572 1358 3623 manua

55 3683 206 3774 scripto.
235 3680 308 3750 Alia
339 3685 447 3764 sunt,
488 3682 577 3751 inter
610 3680 933 3759 Bonaventuriana‚
968 3674 1176 3765 incompleta
1217 3696 1345 3765 opera,
1443 3756 1448 3763 Ι

53 3827 216 3897 quorum
246 3804 539 3896 complementum
564 3804 722 3876 nondum
747 3804 869 3895 reperi.
