<?xml version="1.0" encoding="UTF-8"?>
<!DOCTYPE html PUBLIC "-//W3C//DTD XHTML 1.0 Transitional//EN"
    "http://www.w3.org/TR/xhtml1/DTD/xhtml1-transitional.dtd">
<html xmlns="http://www.w3.org/1999/xhtml" xml:lang="en" lang="en">
 <head>
  <title>
</title>
<meta http-equiv="Content-Type" content="text/html;charset=utf-8" />
  <meta name='ocr-system' content='tesseract 3.04.00' />
  <meta name='ocr-capabilities' content='ocr_page ocr_carea ocr_par ocr_line ocrx_word'/>
</head>
<body>
  <div class='ocr_page' id='page_1' title='image "./rationovaecolle00fanngoog_0344.png"; bbox 0 0 3022 4844; ppageno 0'>
   <div class='ocr_carea' id='block_1_1' title="bbox 596 257 798 323">
    <p class='ocr_par' dir='ltr' id='par_1_1' title="bbox 596 257 798 323">
     <span class='ocr_line' id='line_1_1' title="bbox 596 257 798 323; baseline -0.01 -1"><span class='ocrx_word' id='word_1_1' title='bbox 596 257 798 323; x_wconf 69' lang='lat' dir='ltr'>-3l7—</span> 
     </span>
    </p>
   </div>
   <div class='ocr_carea' id='block_1_2' title="bbox 46 391 1343 1599">
    <p class='ocr_par' dir='ltr' id='par_1_2' title="bbox 46 391 1343 1599">
     <span class='ocr_line' id='line_1_2' title="bbox 47 391 1337 485; baseline -0.001 -23"><span class='ocrx_word' id='word_1_2' title='bbox 47 391 273 485; x_wconf 85' lang='lat' dir='ltr'>glorificant,</span> <span class='ocrx_word' id='word_1_3' title='bbox 299 414 365 461; x_wconf 90' lang='lat' dir='ltr'>sua</span> <span class='ocrx_word' id='word_1_4' title='bbox 402 391 541 482; x_wconf 82' lang='lat' dir='ltr'>turpius</span> <span class='ocrx_word' id='word_1_5' title='bbox 565 392 782 484; x_wconf 89' lang='lat' dir='ltr'>prolaptionc</span> <span class='ocrx_word' id='word_1_6' title='bbox 820 393 1072 484; x_wconf 78' lang='lat' dir='ltr'>blasphement.</span> <span class='ocrx_word' id='word_1_7' title='bbox 1095 397 1234 482; x_wconf 79' lang='lat' dir='ltr'>Nempe</span> <span class='ocrx_word' id='word_1_8' title='bbox 1258 392 1337 461; x_wconf 86' lang='lat' dir='ltr'>vilis</span> 
     </span>
     <span class='ocr_line' id='line_1_3' title="bbox 46 517 1334 610; baseline 0.002 -27"><span class='ocrx_word' id='word_1_9' title='bbox 46 525 214 609; x_wconf 86' lang='lat' dir='ltr'>apostata</span> <span class='ocrx_word' id='word_1_10' title='bbox 236 528 270 586; x_wconf 89' lang='lat' dir='ltr'>et</span> <span class='ocrx_word' id='word_1_11' title='bbox 284 538 411 587; x_wconf 88' lang='lat' dir='ltr'>nomen</span> <span class='ocrx_word' id='word_1_12' title='bbox 427 517 565 587; x_wconf 87' lang='lat' dir='ltr'>Domini</span> <span class='ocrx_word' id='word_1_13' title='bbox 580 529 612 588; x_wconf 92' lang='lat' dir='ltr'>et</span> <span class='ocrx_word' id='word_1_14' title='bbox 628 518 830 610; x_wconf 77' lang='lat' dir='ltr'>religionem</span> <span class='ocrx_word' id='word_1_15' title='bbox 860 529 1028 599; x_wconf 77' lang='lat' dir='ltr'><strong>sanctam,</strong></span> <span class='ocrx_word' id='word_1_16' title='bbox 1055 518 1119 588; x_wconf 89' lang='lat' dir='ltr'>etsi</span> <span class='ocrx_word' id='word_1_17' title='bbox 1143 538 1214 587; x_wconf 93' lang='lat' dir='ltr'>non</span> <span class='ocrx_word' id='word_1_18' title='bbox 1242 538 1334 598; x_wconf 89' lang='lat' dir='ltr'>voce,</span> 
     </span>
     <span class='ocr_line' id='line_1_4' title="bbox 53 640 1340 732; baseline -0.002 -21"><span class='ocrx_word' id='word_1_19' title='bbox 53 644 139 711; x_wconf 85' lang='lat' dir='ltr'>actu</span> <span class='ocrx_word' id='word_1_20' title='bbox 154 651 269 713; x_wconf 89' lang='lat' dir='ltr'>tamen</span> <span class='ocrx_word' id='word_1_21' title='bbox 289 640 523 732; x_wconf 88' lang='lat' dir='ltr'>ignominioso</span> <span class='ocrx_word' id='word_1_22' title='bbox 538 641 767 732; x_wconf 90' lang='lat' dir='ltr'>blasphemat.</span> <span class='ocrx_word' id='word_1_23' title='bbox 797 642 984 711; x_wconf 87' lang='lat' dir='ltr'>Maximum</span> <span class='ocrx_word' id='word_1_24' title='bbox 1009 640 1201 731; x_wconf 78' lang='lat' dir='ltr'>apostasiae</span> <span class='ocrx_word' id='word_1_25' title='bbox 1225 641 1340 710; x_wconf 87' lang='lat' dir='ltr'>scelus</span> 
     </span>
     <span class='ocr_line' id='line_1_5' title="bbox 54 752 1340 861; baseline -0.002 -25"><span class='ocrx_word' id='word_1_26' title='bbox 54 774 121 847; x_wconf 90' lang='lat' dir='ltr'>est,</span> <span class='ocrx_word' id='word_1_27' title='bbox 146 765 240 852; x_wconf 92' lang='lat' dir='ltr'>quod</span> <span class='ocrx_word' id='word_1_28' title='bbox 256 769 411 835; x_wconf 79' lang='lat' dir='ltr'>etheum</span> <span class='ocrx_word' id='word_1_29' title='bbox 426 763 622 847; x_wconf 85' lang='lat' dir='ltr'>inhonorat,</span> <span class='ocrx_word' id='word_1_30' title='bbox 650 766 870 861; x_wconf 84' lang='lat' dir='ltr'>persequitur</span> <span class='ocrx_word' id='word_1_31' title='bbox 892 765 1051 835; x_wconf 89' lang='lat' dir='ltr'>homines</span> <span class='ocrx_word' id='word_1_32' title='bbox 1073 765 1117 834; x_wconf 92' lang='lat' dir='ltr'>ab</span> <span class='ocrx_word' id='word_1_33' title='bbox 1132 752 1210 854; x_wconf 85' lang='lat' dir='ltr'>ejus</span> <span class='ocrx_word' id='word_1_34' title='bbox 1242 764 1340 834; x_wconf 74' lang='lat' dir='ltr'>obse</span> 
     </span>
     <span class='ocr_line' id='line_1_6' title="bbox 56 874 1339 979; baseline -0.002 -20"><span class='ocrx_word' id='word_1_35' title='bbox 56 889 142 976; x_wconf 92' lang='lat' dir='ltr'>quio</span> <span class='ocrx_word' id='word_1_36' title='bbox 166 888 406 970; x_wconf 87' lang='lat' dir='ltr'>detrahendo,</span> <span class='ocrx_word' id='word_1_37' title='bbox 447 887 650 979; x_wconf 81' lang='lat' dir='ltr'>religionem</span> <span class='ocrx_word' id='word_1_38' title='bbox 671 888 820 959; x_wconf 86' lang='lat' dir='ltr'>infamat</span> <span class='ocrx_word' id='word_1_39' title='bbox 854 900 900 959; x_wconf 89' lang='lat' dir='ltr'>et·</span> <span class='ocrx_word' id='word_1_40' title='bbox 919 874 1025 958; x_wconf 86' lang='lat' dir='ltr'>actori</span> <span class='ocrx_word' id='word_1_41' title='bbox 1049 911 1113 957; x_wconf 90' lang='lat' dir='ltr'>suo</span> <span class='ocrx_word' id='word_1_42' title='bbox 1137 898 1339 978; x_wconf 90' lang='lat' dir='ltr'>perpetuam</span> 
     </span>
     <span class='ocr_line' id='line_1_7' title="bbox 56 1008 1340 1105; baseline -0.002 -23"><span class='ocrx_word' id='word_1_43' title='bbox 56 1011 236 1105; x_wconf 81' lang='lat' dir='ltr'>maculam</span> <span class='ocrx_word' id='word_1_44' title='bbox 267 1012 406 1103; x_wconf 86' lang='lat' dir='ltr'>ingerit.</span> <span class='ocrx_word' id='word_1_45' title='bbox 441 1017 567 1081; x_wconf 87' lang='lat' dir='ltr'>Verum</span> <span class='ocrx_word' id='word_1_46' title='bbox 604 1012 787 1082; x_wconf 89' lang='lat' dir='ltr'>malivolus</span> <span class='ocrx_word' id='word_1_47' title='bbox 810 1013 919 1082; x_wconf 88' lang='lat' dir='ltr'>hostis</span> <span class='ocrx_word' id='word_1_48' title='bbox 951 1034 1037 1099; x_wconf 89' lang='lat' dir='ltr'>quos</span> <span class='ocrx_word' id='word_1_49' title='bbox 1067 1011 1111 1080; x_wconf 93' lang='lat' dir='ltr'>ad</span> <span class='ocrx_word' id='word_1_50' title='bbox 1149 1008 1340 1079; x_wconf 83' lang='lat' dir='ltr'>saecularia</span> 
     </span>
     <span class='ocr_line' id='line_1_8' title="bbox 56 1133 1339 1227; baseline -0.002 -22"><span class='ocrx_word' id='word_1_51' title='bbox 56 1145 204 1227; x_wconf 83' lang='lat' dir='ltr'>prorsus</span> <span class='ocrx_word' id='word_1_52' title='bbox 228 1158 387 1207; x_wconf 90' lang='lat' dir='ltr'>revocare</span> <span class='ocrx_word' id='word_1_53' title='bbox 410 1158 480 1207; x_wconf 95' lang='lat' dir='ltr'>non</span> <span class='ocrx_word' id='word_1_54' title='bbox 504 1147 635 1227; x_wconf 90' lang='lat' dir='ltr'>potest,</span> <span class='ocrx_word' id='word_1_55' title='bbox 663 1136 784 1207; x_wconf 86' lang='lat' dir='ltr'>saltem</span> <span class='ocrx_word' id='word_1_56' title='bbox 824 1136 867 1206; x_wconf 90' lang='lat' dir='ltr'>ad</span> <span class='ocrx_word' id='word_1_57' title='bbox 892 1136 1055 1206; x_wconf 90' lang='lat' dir='ltr'>inferiora</span> <span class='ocrx_word' id='word_1_58' title='bbox 1079 1135 1201 1205; x_wconf 93' lang='lat' dir='ltr'>nititur</span> <span class='ocrx_word' id='word_1_59' title='bbox 1236 1133 1339 1203; x_wconf 89' lang='lat' dir='ltr'>incli-</span> 
     </span>
     <span class='ocr_line' id='line_1_9' title="bbox 56 1259 1339 1343; baseline -0.002 -15"><span class='ocrx_word' id='word_1_60' title='bbox 56 1282 157 1331; x_wconf 81' lang='lat' dir='ltr'>nare.</span> <span class='ocrx_word' id='word_1_61' title='bbox 182 1261 407 1331; x_wconf 71' lang='lat' dir='ltr'>ascensiones</span> <span class='ocrx_word' id='word_1_62' title='bbox 429 1261 467 1330; x_wconf 91' lang='lat' dir='ltr'>in</span> <span class='ocrx_word' id='word_1_63' title='bbox 502 1262 605 1330; x_wconf 89' lang='lat' dir='ltr'>corde</span> <span class='ocrx_word' id='word_1_64' title='bbox 642 1260 797 1331; x_wconf 89' lang='lat' dir='ltr'>fidelium</span> <span class='ocrx_word' id='word_1_65' title='bbox 823 1261 1008 1343; x_wconf 84' lang='lat' dir='ltr'>Dominus,</span> <span class='ocrx_word' id='word_1_66' title='bbox 1035 1259 1278 1330; x_wconf 80' lang='lat' dir='ltr'>descensiones</span> <span class='ocrx_word' id='word_1_67' title='bbox 1303 1259 1339 1326; x_wconf 91' lang='lat' dir='ltr'>in</span> 
     </span>
     <span class='ocr_line' id='line_1_10' title="bbox 56 1381 1341 1475; baseline -0.002 -22"><span class='ocrx_word' id='word_1_68' title='bbox 56 1383 164 1454; x_wconf 88' lang='lat' dir='ltr'>corde</span> <span class='ocrx_word' id='word_1_69' title='bbox 185 1383 403 1453; x_wconf 88' lang='lat' dir='ltr'>instabilium</span> <span class='ocrx_word' id='word_1_70' title='bbox 429 1384 588 1454; x_wconf 89' lang='lat' dir='ltr'>diabolus</span> <span class='ocrx_word' id='word_1_71' title='bbox 613 1385 831 1475; x_wconf 89' lang='lat' dir='ltr'>suggerendo</span> <span class='ocrx_word' id='word_1_72' title='bbox 848 1395 1020 1475; x_wconf 85' lang='lat' dir='ltr'>procurat.</span> <span class='ocrx_word' id='word_1_73' title='bbox 1041 1383 1106 1467; x_wconf 82' lang='lat' dir='ltr'>Qui</span> <span class='ocrx_word' id='word_1_74' title='bbox 1130 1384 1173 1451; x_wconf 89' lang='lat' dir='ltr'>ab</span> <span class='ocrx_word' id='word_1_75' title='bbox 1198 1381 1265 1451; x_wconf 92' lang='lat' dir='ltr'>alio</span> <span class='ocrx_word' id='word_1_76' title='bbox 1289 1404 1341 1451; x_wconf 91' lang='lat' dir='ltr'>re-</span> 
     </span>
     <span class='ocr_line' id='line_1_11' title="bbox 55 1507 1343 1599; baseline -0.002 -22"><span class='ocrx_word' id='word_1_77' title='bbox 55 1507 163 1589; x_wconf 90' lang='lat' dir='ltr'>cedit,</span> <span class='ocrx_word' id='word_1_78' title='bbox 190 1529 327 1598; x_wconf 88' lang='lat' dir='ltr'>semper</span> <span class='ocrx_word' id='word_1_79' title='bbox 350 1508 528 1579; x_wconf 89' lang='lat' dir='ltr'>instabiles</span> <span class='ocrx_word' id='word_1_80' title='bbox 555 1507 732 1599; x_wconf 89' lang='lat' dir='ltr'>pertrahit,</span> <span class='ocrx_word' id='word_1_81' title='bbox 752 1509 794 1578; x_wconf 91' lang='lat' dir='ltr'>de</span> <span class='ocrx_word' id='word_1_82' title='bbox 810 1509 939 1595; x_wconf 90' lang='lat' dir='ltr'>quibus</span> <span class='ocrx_word' id='word_1_83' title='bbox 953 1508 1081 1578; x_wconf 87' lang='lat' dir='ltr'>dicitur</span> <span class='ocrx_word' id='word_1_84' title='bbox 1105 1529 1165 1598; x_wconf 90' lang='lat' dir='ltr'>per</span> <span class='ocrx_word' id='word_1_85' title='bbox 1189 1529 1275 1598; x_wconf 89' lang='lat' dir='ltr'>prop</span> <span class='ocrx_word' id='word_1_86' title='bbox 1284 1507 1343 1575; x_wconf 91' lang='lat' dir='ltr'>he-</span> 
     </span>
    </p>
   </div>
   <div class='ocr_carea' id='block_1_3' title="bbox 56 1629 1461 1722">
    <p class='ocr_par' dir='ltr' id='par_1_3' title="bbox 56 1629 1461 1722">
     <span class='ocr_line' id='line_1_12' title="bbox 56 1629 1461 1722; baseline -0.003 -21"><span class='ocrx_word' id='word_1_87' title='bbox 56 1642 133 1701; x_wconf 90' lang='lat' dir='ltr'>tam</span> <span class='ocrx_word' id='word_1_88' title='bbox 155 1632 218 1722; x_wconf 87' lang='lat' dir='ltr'>(l):</span> <span class='ocrx_word' id='word_1_89' title='bbox 246 1632 426 1702; x_wconf 86' lang='lat' dir='ltr'>Transient</span> <span class='ocrx_word' id='word_1_90' title='bbox 449 1633 491 1701; x_wconf 91' lang='lat' dir='ltr'>de</span> <span class='ocrx_word' id='word_1_91' title='bbox 515 1643 631 1702; x_wconf 91' lang='lat' dir='ltr'>monte</span> <span class='ocrx_word' id='word_1_92' title='bbox 647 1633 683 1700; x_wconf 91' lang='lat' dir='ltr'>in</span> <span class='ocrx_word' id='word_1_93' title='bbox 708 1632 844 1701; x_wconf 90' lang='lat' dir='ltr'>collem.</span> <span class='ocrx_word' id='word_1_94' title='bbox 873 1632 936 1700; x_wconf 87' lang='lat' dir='ltr'>Sed</span> <span class='ocrx_word' id='word_1_95' title='bbox 961 1643 1033 1701; x_wconf 89' lang='lat' dir='ltr'>esto</span> <span class='ocrx_word' id='word_1_96' title='bbox 1055 1630 1148 1717; x_wconf 90' lang='lat' dir='ltr'>quod</span> <span class='ocrx_word' id='word_1_97' title='bbox 1164 1630 1207 1699; x_wconf 94' lang='lat' dir='ltr'>ad</span> <span class='ocrx_word' id='word_1_98' title='bbox 1232 1629 1341 1698; x_wconf 91' lang='lat' dir='ltr'>alium</span> <span class='ocrx_word' id='word_1_99' title='bbox 1448 1660 1461 1677; x_wconf 94' lang='lat'><strong>·</strong></span> 
     </span>
    </p>
   </div>
   <div class='ocr_carea' id='block_1_4' title="bbox 54 1754 1385 2339">
    <p class='ocr_par' dir='ltr' id='par_1_4' title="bbox 54 1754 1385 2339">
     <span class='ocr_line' id='line_1_13' title="bbox 54 1754 1342 1844; baseline -0.004 -17"><span class='ocrx_word' id='word_1_100' title='bbox 54 1757 234 1827; x_wconf 89' lang='lat' dir='ltr'>transiens</span> <span class='ocrx_word' id='word_1_101' title='bbox 265 1757 446 1839; x_wconf 89' lang='lat' dir='ltr'>Ordinem,</span> <span class='ocrx_word' id='word_1_102' title='bbox 475 1768 660 1844; x_wconf 88' lang='lat' dir='ltr'>nostroque</span> <span class='ocrx_word' id='word_1_103' title='bbox 692 1779 759 1826; x_wconf 87' lang='lat' dir='ltr'>non</span> <span class='ocrx_word' id='word_1_104' title='bbox 785 1754 982 1825; x_wconf 80' lang='lat' dir='ltr'>inferiolem</span> <span class='ocrx_word' id='word_1_105' title='bbox 1006 1754 1116 1824; x_wconf 89' lang='lat' dir='ltr'>alium</span> <span class='ocrx_word' id='word_1_106' title='bbox 1149 1755 1342 1841; x_wconf 87' lang='lat' dir='ltr'>quemlibet</span> 
     </span>
     <span class='ocr_line' id='line_1_14' title="bbox 54 1879 1342 1973; baseline -0.003 -23"><span class='ocrx_word' id='word_1_107' title='bbox 54 1901 259 1950; x_wconf 84' lang='lat' dir='ltr'>asseveres:</span> <span class='ocrx_word' id='word_1_108' title='bbox 288 1894 432 1950; x_wconf 92' lang='lat' dir='ltr'>nonest</span> <span class='ocrx_word' id='word_1_109' title='bbox 456 1882 524 1951; x_wconf 91' lang='lat' dir='ltr'>mei</span> <span class='ocrx_word' id='word_1_110' title='bbox 555 1882 722 1973; x_wconf 89' lang='lat' dir='ltr'>propositi</span> <span class='ocrx_word' id='word_1_111' title='bbox 756 1880 982 1971; x_wconf 89' lang='lat' dir='ltr'>religionibus</span> <span class='ocrx_word' id='word_1_112' title='bbox 1005 1879 1083 1948; x_wconf 91' lang='lat' dir='ltr'>aliis</span> <span class='ocrx_word' id='word_1_113' title='bbox 1117 1901 1180 1969; x_wconf 90' lang='lat' dir='ltr'>pro</span> <span class='ocrx_word' id='word_1_114' title='bbox 1205 1890 1342 1947; x_wconf 90' lang='lat' dir='ltr'>nostrae</span> 
     </span>
     <span class='ocr_line' id='line_1_15' title="bbox 56 2001 1341 2095; baseline -0.002 -23"><span class='ocrx_word' id='word_1_115' title='bbox 56 2004 364 2074; x_wconf 86' lang='lat' dir='ltr'>commendatione</span> <span class='ocrx_word' id='word_1_116' title='bbox 390 2005 589 2075; x_wconf 88' lang='lat' dir='ltr'>detrahere:</span> <span class='ocrx_word' id='word_1_117' title='bbox 626 2005 709 2074; x_wconf 89' lang='lat' dir='ltr'>satis</span> <span class='ocrx_word' id='word_1_118' title='bbox 734 2026 869 2095; x_wconf 82' lang='lat' dir='ltr'>perse</span> <span class='ocrx_word' id='word_1_119' title='bbox 901 2015 1019 2073; x_wconf 90' lang='lat' dir='ltr'>sancta</span> <span class='ocrx_word' id='word_1_120' title='bbox 1043 2001 1165 2094; x_wconf 87' lang='lat' dir='ltr'>religio</span> <span class='ocrx_word' id='word_1_121' title='bbox 1190 2002 1257 2071; x_wconf 92' lang='lat' dir='ltr'>sibi</span> <span class='ocrx_word' id='word_1_122' title='bbox 1298 2001 1341 2070; x_wconf 94' lang='lat' dir='ltr'>ad</span> 
     </span>
     <span class='ocr_line' id='line_1_16' title="bbox 56 2106 1385 2219; baseline -0.001 -24"><span class='ocrx_word' id='word_1_123' title='bbox 56 2127 213 2196; x_wconf 91' lang='lat' dir='ltr'>laudum</span> <span class='ocrx_word' id='word_1_124' title='bbox 229 2106 351 2198; x_wconf 85' lang='lat' dir='ltr'>merita</span> <span class='ocrx_word' id='word_1_125' title='bbox 368 2127 505 2197; x_wconf 85' lang='lat' dir='ltr'>suflicit.</span> <span class='ocrx_word' id='word_1_126' title='bbox 526 2129 674 2197; x_wconf 90' lang='lat' dir='ltr'>Penuria</span> <span class='ocrx_word' id='word_1_127' title='bbox 688 2128 877 2219; x_wconf 90' lang='lat' dir='ltr'>impiorum</span> <span class='ocrx_word' id='word_1_128' title='bbox 894 2139 956 2208; x_wconf 91' lang='lat' dir='ltr'>est,</span> <span class='ocrx_word' id='word_1_129' title='bbox 983 2126 1123 2213; x_wconf 86' lang='lat' dir='ltr'>laudem</span> <span class='ocrx_word' id='word_1_130' title='bbox 1138 2149 1178 2196; x_wconf 90' lang='lat' dir='ltr'>ex</span> <span class='ocrx_word' id='word_1_131' title='bbox 1193 2126 1342 2196; x_wconf 91' lang='lat' dir='ltr'>aliorum</span> <span class='ocrx_word' id='word_1_132' title='bbox 1374 2158 1385 2177; x_wconf 94' lang='lat'><strong>·</strong></span> 
     </span>
     <span class='ocr_line' id='line_1_17' title="bbox 58 2248 1343 2339; baseline 0.001 -22"><span class='ocrx_word' id='word_1_133' title='bbox 58 2248 217 2339; x_wconf 85' lang='lat' dir='ltr'>infamia</span> <span class='ocrx_word' id='word_1_134' title='bbox 234 2251 419 2321; x_wconf 77' lang='lat' dir='ltr'>vindicare.</span> <span class='ocrx_word' id='word_1_135' title='bbox 446 2253 577 2322; x_wconf 86' lang='lat' dir='ltr'>Veritas</span> <span class='ocrx_word' id='word_1_136' title='bbox 600 2261 633 2320; x_wconf 90' lang='lat' dir='ltr'>ct</span> <span class='ocrx_word' id='word_1_137' title='bbox 653 2251 864 2322; x_wconf 89' lang='lat' dir='ltr'>conscientia</span> <span class='ocrx_word' id='word_1_138' title='bbox 888 2264 959 2334; x_wconf 90' lang='lat' dir='ltr'>tua,</span> <span class='ocrx_word' id='word_1_139' title='bbox 981 2252 1011 2320; x_wconf 92' lang='lat' dir='ltr'>si</span> <span class='ocrx_word' id='word_1_140' title='bbox 1027 2261 1141 2320; x_wconf 90' lang='lat' dir='ltr'>tamen</span> <span class='ocrx_word' id='word_1_141' title='bbox 1167 2250 1343 2320; x_wconf 90' lang='lat' dir='ltr'>conscien-</span> 
     </span>
    </p>
   </div>
   <div class='ocr_carea' id='block_1_5' title="bbox 61 2372 1442 2456">
    <p class='ocr_par' dir='ltr' id='par_1_5' title="bbox 61 2372 1442 2456">
     <span class='ocr_line' id='line_1_18' title="bbox 61 2372 1442 2456; baseline -0.001 -13"><span class='ocrx_word' id='word_1_142' title='bbox 61 2373 152 2443; x_wconf 89' lang='lat' dir='ltr'>tiam</span> <span class='ocrx_word' id='word_1_143' title='bbox 176 2372 281 2443; x_wconf 90' lang='lat' dir='ltr'>habes</span> <span class='ocrx_word' id='word_1_144' title='bbox 303 2385 335 2444; x_wconf 87' lang='lat' dir='ltr'>et</span> <span class='ocrx_word' id='word_1_145' title='bbox 360 2374 478 2444; x_wconf 88' lang='lat' dir='ltr'>lumen</span> <span class='ocrx_word' id='word_1_146' title='bbox 504 2374 686 2444; x_wconf 89' lang='lat' dir='ltr'>oculorum</span> <span class='ocrx_word' id='word_1_147' title='bbox 714 2375 776 2445; x_wconf 91' lang='lat' dir='ltr'>tibi</span> <span class='ocrx_word' id='word_1_148' title='bbox 792 2388 854 2456; x_wconf 90' lang='lat' dir='ltr'>est,</span> <span class='ocrx_word' id='word_1_149' title='bbox 882 2377 924 2444; x_wconf 91' lang='lat' dir='ltr'>de</span> <span class='ocrx_word' id='word_1_150' title='bbox 949 2377 1014 2445; x_wconf 93' lang='lat' dir='ltr'>hac</span> <span class='ocrx_word' id='word_1_151' title='bbox 1038 2376 1100 2444; x_wconf 90' lang='lat' dir='ltr'>tibi</span> <span class='ocrx_word' id='word_1_152' title='bbox 1131 2373 1345 2444; x_wconf 88' lang='lat' dir='ltr'>satisfaciant</span> <span class='ocrx_word' id='word_1_153' title='bbox 1438 2388 1442 2395; x_wconf 85' lang='lat'>&#39;</span> 
     </span>
    </p>
   </div>
   <div class='ocr_carea' id='block_1_6' title="bbox 59 2496 1350 4199">
    <p class='ocr_par' dir='ltr' id='par_1_6' title="bbox 59 2496 1350 4199">
     <span class='ocr_line' id='line_1_19' title="bbox 61 2496 1343 2590; baseline -0.002 -24"><span class='ocrx_word' id='word_1_154' title='bbox 61 2496 277 2583; x_wconf 87' lang='lat' dir='ltr'>quaestione.</span> <span class='ocrx_word' id='word_1_155' title='bbox 305 2498 370 2567; x_wconf 89' lang='lat' dir='ltr'>Sed</span> <span class='ocrx_word' id='word_1_156' title='bbox 394 2499 607 2569; x_wconf 88' lang='lat' dir='ltr'>confidenter</span> <span class='ocrx_word' id='word_1_157' title='bbox 630 2500 695 2569; x_wconf 90' lang='lat' dir='ltr'>hoe</span> <span class='ocrx_word' id='word_1_158' title='bbox 720 2500 879 2580; x_wconf 83' lang='lat' dir='ltr'>dixerim,</span> <span class='ocrx_word' id='word_1_159' title='bbox 905 2499 997 2585; x_wconf 90' lang='lat' dir='ltr'>quod</span> <span class='ocrx_word' id='word_1_160' title='bbox 1025 2499 1183 2590; x_wconf 88' lang='lat' dir='ltr'>religioni</span> <span class='ocrx_word' id='word_1_161' title='bbox 1208 2508 1343 2567; x_wconf 89' lang='lat' dir='ltr'>nostrae</span> 
     </span>
     <span class='ocr_line' id='line_1_20' title="bbox 61 2617 1343 2711; baseline -0.002 -24"><span class='ocrx_word' id='word_1_162' title='bbox 61 2619 216 2688; x_wconf 85' lang='lat' dir='ltr'>maxime</span> <span class='ocrx_word' id='word_1_163' title='bbox 230 2621 391 2702; x_wconf 70' lang='lat' dir='ltr'>tenearis</span> <span class='ocrx_word' id='word_1_164' title='bbox 410 2643 498 2707; x_wconf 91' lang='lat' dir='ltr'>quae</span> <span class='ocrx_word' id='word_1_165' title='bbox 515 2622 603 2690; x_wconf 91' lang='lat' dir='ltr'>tede</span> <span class='ocrx_word' id='word_1_166' title='bbox 628 2621 766 2691; x_wconf 89' lang='lat' dir='ltr'>saeculo</span> <span class='ocrx_word' id='word_1_167' title='bbox 779 2620 969 2710; x_wconf 89' lang='lat' dir='ltr'>fugientem</span> <span class='ocrx_word' id='word_1_168' title='bbox 983 2621 1127 2711; x_wconf 83' lang='lat' dir='ltr'>excepit,</span> <span class='ocrx_word' id='word_1_169' title='bbox 1137 2619 1286 2688; x_wconf 90' lang='lat' dir='ltr'>initiavit</span> <span class='ocrx_word' id='word_1_170' title='bbox 1299 2617 1343 2686; x_wconf 91' lang='lat' dir='ltr'>ad</span> 
     </span>
     <span class='ocr_line' id='line_1_21' title="bbox 62 2739 1341 2835; baseline -0.002 -24"><span class='ocrx_word' id='word_1_171' title='bbox 62 2741 213 2825; x_wconf 91' lang='lat' dir='ltr'>bonum,</span> <span class='ocrx_word' id='word_1_172' title='bbox 226 2753 259 2813; x_wconf 89' lang='lat' dir='ltr'>et</span> <span class='ocrx_word' id='word_1_173' title='bbox 273 2744 476 2834; x_wconf 90' lang='lat' dir='ltr'>spiritualis,</span> <span class='ocrx_word' id='word_1_174' title='bbox 500 2745 529 2812; x_wconf 93' lang='lat' dir='ltr'>si</span> <span class='ocrx_word' id='word_1_175' title='bbox 544 2766 669 2835; x_wconf 92' lang='lat' dir='ltr'>passus</span> <span class='ocrx_word' id='word_1_176' title='bbox 679 2766 727 2822; x_wconf 89' lang='lat' dir='ltr'>es,</span> <span class='ocrx_word' id='word_1_177' title='bbox 747 2741 992 2811; x_wconf 89' lang='lat' dir='ltr'>consolationis</span> <span class='ocrx_word' id='word_1_178' title='bbox 1008 2741 1144 2810; x_wconf 88' lang='lat' dir='ltr'>lactavit</span> <span class='ocrx_word' id='word_1_179' title='bbox 1161 2739 1341 2820; x_wconf 90' lang='lat' dir='ltr'>uberibus,</span> 
     </span>
     <span class='ocr_line' id='line_1_22' title="bbox 60 2864 1344 2954; baseline -0.002 -17"><span class='ocrx_word' id='word_1_180' title='bbox 60 2878 193 2954; x_wconf 87' lang='lat' dir='ltr'>tuaque</span> <span class='ocrx_word' id='word_1_181' title='bbox 217 2868 254 2936; x_wconf 91' lang='lat' dir='ltr'>in</span> <span class='ocrx_word' id='word_1_182' title='bbox 270 2868 394 2938; x_wconf 82' lang='lat' dir='ltr'>Christi</span> <span class='ocrx_word' id='word_1_183' title='bbox 421 2869 558 2939; x_wconf 90' lang='lat' dir='ltr'>servitio</span> <span class='ocrx_word' id='word_1_184' title='bbox 587 2880 696 2937; x_wconf 90' lang='lat' dir='ltr'>mater</span> <span class='ocrx_word' id='word_1_185' title='bbox 720 2880 753 2936; x_wconf 90' lang='lat' dir='ltr'>et</span> <span class='ocrx_word' id='word_1_186' title='bbox 777 2867 893 2936; x_wconf 90' lang='lat' dir='ltr'>nutrix</span> <span class='ocrx_word' id='word_1_187' title='bbox 916 2878 978 2936; x_wconf 89' lang='lat' dir='ltr'>est.</span> <span class='ocrx_word' id='word_1_188' title='bbox 1015 2864 1158 2948; x_wconf 83' lang='lat' dir='ltr'>Qualem</span> <span class='ocrx_word' id='word_1_189' title='bbox 1183 2864 1344 2934; x_wconf 90' lang='lat' dir='ltr'>habuerit</span> 
     </span>
     <span class='ocr_line' id='line_1_23' title="bbox 59 2987 1340 3081; baseline -0.002 -21"><span class='ocrx_word' id='word_1_190' title='bbox 59 2991 178 3061; x_wconf 86' lang='lat' dir='ltr'>filium</span> <span class='ocrx_word' id='word_1_191' title='bbox 194 2993 420 3078; x_wconf 87' lang='lat' dir='ltr'>usquemodo,</span> <span class='ocrx_word' id='word_1_192' title='bbox 448 3003 485 3061; x_wconf 87' lang='lat' dir='ltr'>tu</span> <span class='ocrx_word' id='word_1_193' title='bbox 509 2993 646 3061; x_wconf 90' lang='lat' dir='ltr'>videris.</span> <span class='ocrx_word' id='word_1_194' title='bbox 666 2989 968 3081; x_wconf 82' lang='lat' dir='ltr'>incorporalibus</span> <span class='ocrx_word' id='word_1_195' title='bbox 991 3011 1128 3076; x_wconf 92' lang='lat' dir='ltr'>quoque</span> <span class='ocrx_word' id='word_1_196' title='bbox 1151 2987 1340 3075; x_wconf 91' lang='lat' dir='ltr'>obsequiis,</span> 
     </span>
     <span class='ocr_line' id='line_1_24' title="bbox 60 3112 1346 3206; baseline -0.005 -22"><span class='ocrx_word' id='word_1_197' title='bbox 60 3137 134 3184; x_wconf 90' lang='lat' dir='ltr'>non</span> <span class='ocrx_word' id='word_1_198' title='bbox 159 3125 242 3206; x_wconf 90' lang='lat' dir='ltr'>puto</span> <span class='ocrx_word' id='word_1_199' title='bbox 266 3115 387 3186; x_wconf 89' lang='lat' dir='ltr'>fratres</span> <span class='ocrx_word' id='word_1_200' title='bbox 415 3128 493 3186; x_wconf 88' lang='lat' dir='ltr'>tuae</span> <span class='ocrx_word' id='word_1_201' title='bbox 517 3115 729 3206; x_wconf 89' lang='lat' dir='ltr'>indigentiae</span> <span class='ocrx_word' id='word_1_202' title='bbox 762 3114 915 3184; x_wconf 88' lang='lat' dir='ltr'>defuisse</span> <span class='ocrx_word' id='word_1_203' title='bbox 947 3136 1009 3204; x_wconf 92' lang='lat' dir='ltr'>pro</span> <span class='ocrx_word' id='word_1_204' title='bbox 1039 3112 1211 3203; x_wconf 88' lang='lat' dir='ltr'>exigentia</span> <span class='ocrx_word' id='word_1_205' title='bbox 1235 3120 1346 3180; x_wconf 90' lang='lat' dir='ltr'>status</span> 
     </span>
     <span class='ocr_line' id='line_1_25' title="bbox 61 3233 1345 3328; baseline -0.004 -22"><span class='ocrx_word' id='word_1_206' title='bbox 61 3237 128 3306; x_wconf 90' lang='lat' dir='ltr'>tui.</span> <span class='ocrx_word' id='word_1_207' title='bbox 155 3239 246 3307; x_wconf 88' lang='lat' dir='ltr'>Licet</span> <span class='ocrx_word' id='word_1_208' title='bbox 269 3240 359 3308; x_wconf 89' lang='lat' dir='ltr'>Ordo</span> <span class='ocrx_word' id='word_1_209' title='bbox 382 3239 439 3319; x_wconf 83' lang='lat' dir='ltr'>hic</span> <span class='ocrx_word' id='word_1_210' title='bbox 463 3240 508 3309; x_wconf 90' lang='lat' dir='ltr'>sit</span> <span class='ocrx_word' id='word_1_211' title='bbox 530 3239 720 3308; x_wconf 90' lang='lat' dir='ltr'>altissimae</span> <span class='ocrx_word' id='word_1_212' title='bbox 755 3238 988 3328; x_wconf 89' lang='lat' dir='ltr'>paupertatis,</span> <span class='ocrx_word' id='word_1_213' title='bbox 1018 3237 1127 3306; x_wconf 88' lang='lat' dir='ltr'>nescit</span> <span class='ocrx_word' id='word_1_214' title='bbox 1151 3247 1266 3305; x_wconf 92' lang='lat' dir='ltr'>tamen</span> <span class='ocrx_word' id='word_1_215' title='bbox 1290 3233 1345 3301; x_wconf 86' lang='lat' dir='ltr'>in-</span> 
     </span>
     <span class='ocr_line' id='line_1_26' title="bbox 62 3357 1345 3453; baseline -0.003 -25"><span class='ocrx_word' id='word_1_216' title='bbox 62 3360 265 3449; x_wconf 85' lang='lat' dir='ltr'>digentibus</span> <span class='ocrx_word' id='word_1_217' title='bbox 281 3384 412 3452; x_wconf 89' lang='lat' dir='ltr'>pauper</span> <span class='ocrx_word' id='word_1_218' title='bbox 440 3385 525 3444; x_wconf 87' lang='lat' dir='ltr'>esse,</span> <span class='ocrx_word' id='word_1_219' title='bbox 545 3373 577 3431; x_wconf 93' lang='lat' dir='ltr'>et</span> <span class='ocrx_word' id='word_1_220' title='bbox 592 3361 807 3453; x_wconf 90' lang='lat' dir='ltr'>providentia</span> <span class='ocrx_word' id='word_1_221' title='bbox 830 3359 1008 3430; x_wconf 89' lang='lat' dir='ltr'>charitatis</span> <span class='ocrx_word' id='word_1_222' title='bbox 1027 3358 1162 3429; x_wconf 73' lang='lat' dir='ltr'>excedis</span> <span class='ocrx_word' id='word_1_223' title='bbox 1179 3357 1345 3428; x_wconf 88' lang='lat' dir='ltr'>terminos</span> 
     </span>
     <span class='ocr_line' id='line_1_27' title="bbox 61 3482 1345 3575; baseline -0.002 -22"><span class='ocrx_word' id='word_1_224' title='bbox 61 3486 335 3575; x_wconf 83' lang='lat' dir='ltr'>paupertatis...</span> <span class='ocrx_word' id='word_1_225' title='bbox 363 3492 402 3557; x_wconf 83' lang='lat' dir='ltr'>llt</span> <span class='ocrx_word' id='word_1_226' title='bbox 425 3497 463 3556; x_wconf 93' lang='lat' dir='ltr'>ut</span> <span class='ocrx_word' id='word_1_227' title='bbox 480 3486 589 3557; x_wconf 90' lang='lat' dir='ltr'>sancti</span> <span class='ocrx_word' id='word_1_228' title='bbox 612 3486 833 3575; x_wconf 87' lang='lat' dir='ltr'>(Bernardi)</span> <span class='ocrx_word' id='word_1_229' title='bbox 856 3496 935 3555; x_wconf 89' lang='lat' dir='ltr'>utar</span> <span class='ocrx_word' id='word_1_230' title='bbox 954 3484 1066 3554; x_wconf 92' lang='lat' dir='ltr'>verbis</span> <span class='ocrx_word' id='word_1_231' title='bbox 1080 3482 1345 3572; x_wconf 68' lang='lat' dir='ltr'>(2)r&#39;&#39;«Securus</span> 
     </span>
     <span class='ocr_line' id='line_1_28' title="bbox 62 3609 1346 3701; baseline -0.001 -26"><span class='ocrx_word' id='word_1_232' title='bbox 62 3631 83 3675; x_wconf 78' lang='lat' dir='ltr'>a</span> <span class='ocrx_word' id='word_1_233' title='bbox 109 3620 209 3700; x_wconf 86' lang='lat' dir='ltr'>potes</span> <span class='ocrx_word' id='word_1_234' title='bbox 240 3630 408 3701; x_wconf 90' lang='lat' dir='ltr'>pugnare,</span> <span class='ocrx_word' id='word_1_235' title='bbox 434 3610 496 3680; x_wconf 91' lang='lat' dir='ltr'>ubi</span> <span class='ocrx_word' id='word_1_236' title='bbox 532 3633 675 3680; x_wconf 93' lang='lat' dir='ltr'>securus</span> <span class='ocrx_word' id='word_1_237' title='bbox 699 3633 735 3680; x_wconf 91' lang='lat' dir='ltr'>es</span> <span class='ocrx_word' id='word_1_238' title='bbox 768 3611 810 3679; x_wconf 91' lang='lat' dir='ltr'>de</span> <span class='ocrx_word' id='word_1_239' title='bbox 839 3609 991 3679; x_wconf 90' lang='lat' dir='ltr'>victoria.</span> <span class='ocrx_word' id='word_1_240' title='bbox 1019 3612 1045 3677; x_wconf 93' lang='lat'>0</span> <span class='ocrx_word' id='word_1_241' title='bbox 1069 3629 1146 3677; x_wconf 87' lang='lat' dir='ltr'>vere</span> <span class='ocrx_word' id='word_1_242' title='bbox 1166 3617 1239 3675; x_wconf 92' lang='lat' dir='ltr'>tuta</span> <span class='ocrx_word' id='word_1_243' title='bbox 1264 3627 1346 3675; x_wconf 88' lang='lat' dir='ltr'>curn</span> 
     </span>
     <span class='ocr_line' id='line_1_29' title="bbox 61 3732 1347 3827; baseline -0.002 -26"><span class='ocrx_word' id='word_1_244' title='bbox 61 3756 83 3800; x_wconf 74' lang='lat' dir='ltr'>a</span> <span class='ocrx_word' id='word_1_245' title='bbox 109 3733 244 3805; x_wconf 80' lang='lat' dir='ltr'>christo</span> <span class='ocrx_word' id='word_1_246' title='bbox 266 3747 300 3805; x_wconf 91' lang='lat' dir='ltr'>et</span> <span class='ocrx_word' id='word_1_247' title='bbox 317 3758 379 3826; x_wconf 92' lang='lat' dir='ltr'>pro</span> <span class='ocrx_word' id='word_1_248' title='bbox 397 3736 528 3806; x_wconf 81' lang='lat' dir='ltr'>Christo</span> <span class='ocrx_word' id='word_1_249' title='bbox 553 3758 681 3827; x_wconf 89' lang='lat' dir='ltr'>pugna,</span> <span class='ocrx_word' id='word_1_250' title='bbox 708 3736 744 3803; x_wconf 95' lang='lat' dir='ltr'>in</span> <span class='ocrx_word' id='word_1_251' title='bbox 770 3756 841 3820; x_wconf 91' lang='lat' dir='ltr'>qua</span> <span class='ocrx_word' id='word_1_252' title='bbox 862 3755 925 3802; x_wconf 91' lang='lat' dir='ltr'>nec</span> <span class='ocrx_word' id='word_1_253' title='bbox 948 3732 1160 3813; x_wconf 90' lang='lat' dir='ltr'>vulneratus,</span> <span class='ocrx_word' id='word_1_254' title='bbox 1180 3751 1243 3799; x_wconf 91' lang='lat' dir='ltr'>nec</span> <span class='ocrx_word' id='word_1_255' title='bbox 1267 3751 1347 3820; x_wconf 93' lang='lat' dir='ltr'>pro-</span> 
     </span>
     <span class='ocr_line' id='line_1_30' title="bbox 62 3839 1344 3948; baseline -0.002 -23"><span class='ocrx_word' id='word_1_256' title='bbox 62 3880 82 3924; x_wconf 82' lang='lat'>«</span> <span class='ocrx_word' id='word_1_257' title='bbox 109 3839 252 3940; x_wconf 89' lang='lat' dir='ltr'>stratus,</span> <span class='ocrx_word' id='word_1_258' title='bbox 279 3882 341 3928; x_wconf 91' lang='lat' dir='ltr'>nec</span> <span class='ocrx_word' id='word_1_259' title='bbox 366 3861 600 3942; x_wconf 89' lang='lat' dir='ltr'>conculcatus,</span> <span class='ocrx_word' id='word_1_260' title='bbox 628 3882 691 3929; x_wconf 90' lang='lat' dir='ltr'>nec</span> <span class='ocrx_word' id='word_1_261' title='bbox 722 3857 867 3940; x_wconf 90' lang='lat' dir='ltr'>millies,</span> <span class='ocrx_word' id='word_1_262' title='bbox 895 3857 925 3927; x_wconf 93' lang='lat' dir='ltr'>si</span> <span class='ocrx_word' id='word_1_263' title='bbox 950 3856 1025 3928; x_wconf 88' lang='lat' dir='ltr'>fieri</span> <span class='ocrx_word' id='word_1_264' title='bbox 1049 3856 1168 3948; x_wconf 91' lang='lat' dir='ltr'>possit,</span> <span class='ocrx_word' id='word_1_265' title='bbox 1196 3853 1344 3935; x_wconf 75' lang='lat' dir='ltr'>occisus</span> 
     </span>
     <span class='ocr_line' id='line_1_31' title="bbox 62 3980 1350 4073; baseline -0.001 -26"><span class='ocrx_word' id='word_1_266' title='bbox 62 4004 83 4047; x_wconf 76' lang='lat' dir='ltr'>a</span> <span class='ocrx_word' id='word_1_267' title='bbox 109 3980 328 4052; x_wconf 86' lang='lat' dir='ltr'>fraudaberis</span> <span class='ocrx_word' id='word_1_268' title='bbox 352 4006 372 4051; x_wconf 92' lang='lat' dir='ltr'>a</span> <span class='ocrx_word' id='word_1_269' title='bbox 396 3983 558 4064; x_wconf 89' lang='lat' dir='ltr'>victoria,</span> <span class='ocrx_word' id='word_1_270' title='bbox 586 3994 721 4054; x_wconf 92' lang='lat' dir='ltr'>tantum</span> <span class='ocrx_word' id='word_1_271' title='bbox 755 4004 823 4052; x_wconf 91' lang='lat' dir='ltr'>non</span> <span class='ocrx_word' id='word_1_272' title='bbox 858 3981 993 4073; x_wconf 89' lang='lat' dir='ltr'>fugias;</span> <span class='ocrx_word' id='word_1_273' title='bbox 1034 3981 1106 4051; x_wconf 93' lang='lat' dir='ltr'>sola</span> <span class='ocrx_word' id='word_1_274' title='bbox 1139 4001 1246 4050; x_wconf 91' lang='lat' dir='ltr'>causa</span> <span class='ocrx_word' id='word_1_275' title='bbox 1279 3999 1350 4064; x_wconf 91' lang='lat' dir='ltr'>qua</span> 
     </span>
     <span class='ocr_line' id='line_1_32' title="bbox 63 4101 1349 4199; baseline -0.002 -28"><span class='ocrx_word' id='word_1_276' title='bbox 63 4128 85 4171; x_wconf 76' lang='lat' dir='ltr'>a</span> <span class='ocrx_word' id='word_1_277' title='bbox 109 4105 254 4196; x_wconf 91' lang='lat' dir='ltr'>perdere</span> <span class='ocrx_word' id='word_1_278' title='bbox 277 4106 389 4197; x_wconf 90' lang='lat' dir='ltr'>possis</span> <span class='ocrx_word' id='word_1_279' title='bbox 414 4107 605 4191; x_wconf 88' lang='lat' dir='ltr'>victoriam,</span> <span class='ocrx_word' id='word_1_280' title='bbox 633 4106 717 4199; x_wconf 90' lang='lat' dir='ltr'>fuga</span> <span class='ocrx_word' id='word_1_281' title='bbox 740 4116 802 4177; x_wconf 92' lang='lat' dir='ltr'>est.</span> <span class='ocrx_word' id='word_1_282' title='bbox 836 4104 1013 4196; x_wconf 85' lang='lat' dir='ltr'>Fugiendo</span> <span class='ocrx_word' id='word_1_283' title='bbox 1042 4115 1138 4194; x_wconf 89' lang='lat' dir='ltr'>potes</span> <span class='ocrx_word' id='word_1_284' title='bbox 1162 4102 1222 4172; x_wconf 91' lang='lat' dir='ltr'>illa</span> <span class='ocrx_word' id='word_1_285' title='bbox 1246 4101 1349 4171; x_wconf 90' lang='lat' dir='ltr'>amit-</span> 
     </span>
    </p>
   </div>
   <div class='ocr_carea' id='block_1_7' title="bbox 90 4301 783 4432">
    <p class='ocr_par' dir='ltr' id='par_1_7' title="bbox 90 4301 783 4432">
     <span class='ocr_line' id='line_1_33' title="bbox 90 4301 783 4349; baseline 0.009 -8"><span class='ocrx_word' id='word_1_286' title='bbox 90 4301 119 4349; x_wconf 86' lang='grc'>(1)</span> <span class='ocrx_word' id='word_1_287' title='bbox 134 4301 221 4342; x_wconf 72' lang='lat' dir='ltr'>ierem.</span> <span class='ocrx_word' id='word_1_288' title='bbox 236 4302 268 4347; x_wconf 81' lang='lat'>50,</span> <span class='ocrx_word' id='word_1_289' title='bbox 281 4311 304 4341; x_wconf 81' lang='lat' dir='ltr'>v.</span> <span class='ocrx_word' id='word_1_290' title='bbox 318 4302 337 4342; x_wconf 76' lang='grc'>6.</span> <span class='ocrx_word' id='word_1_291' title='bbox 351 4304 384 4344; x_wconf 87' lang='lat' dir='ltr'>De</span> <span class='ocrx_word' id='word_1_292' title='bbox 398 4304 479 4345; x_wconf 79' lang='lat' dir='ltr'>monte</span> <span class='ocrx_word' id='word_1_293' title='bbox 492 4305 519 4343; x_wconf 83' lang='lat' dir='ltr'>ln</span> <span class='ocrx_word' id='word_1_294' title='bbox 532 4304 620 4344; x_wconf 84' lang='lat' dir='ltr'>collem</span> <span class='ocrx_word' id='word_1_295' title='bbox 633 4305 783 4347; x_wconf 68' lang='lat' dir='ltr'>transerunt.</span> 
     </span>
     <span class='ocr_line' id='line_1_34' title="bbox 90 4380 678 4432; baseline -0.002 -11"><span class='ocrx_word' id='word_1_296' title='bbox 90 4380 119 4431; x_wconf 62' lang='grc' dir='ltr'>(ὓ)</span> <span class='ocrx_word' id='word_1_297' title='bbox 133 4381 196 4424; x_wconf 76' lang='lat' dir='ltr'>uait.</span> <span class='ocrx_word' id='word_1_298' title='bbox 211 4382 294 4422; x_wconf 78' lang='lat' dir='ltr'>venet.</span> <span class='ocrx_word' id='word_1_299' title='bbox 309 4383 367 4429; x_wconf 74' lang='lat'>1750,</span> <span class='ocrx_word' id='word_1_300' title='bbox 381 4385 438 4424; x_wconf 78' lang='lat' dir='ltr'>tom.</span> <span class='ocrx_word' id='word_1_301' title='bbox 452 4385 470 4428; x_wconf 87' lang='lat'>1.</span> <span class='ocrx_word' id='word_1_302' title='bbox 484 4383 554 4432; x_wconf 74' lang='lat' dir='ltr'>epact.</span> <span class='ocrx_word' id='word_1_303' title='bbox 573 4383 592 4427; x_wconf 89' lang='lat'>1,</span> <span class='ocrx_word' id='word_1_304' title='bbox 606 4391 629 4423; x_wconf 89' lang='lat' dir='ltr'>n.</span> <span class='ocrx_word' id='word_1_305' title='bbox 645 4383 678 4421; x_wconf 73' lang='lat'>18.</span> 
     </span>
    </p>
   </div>
   <div class='ocr_carea' id='block_1_8' title="bbox 0 0 1526 4844">
    <p class='ocr_par' dir='ltr' id='par_1_8' title="bbox 0 0 1526 4844">
     <span class='ocr_line' id='line_1_35' title="bbox 0 0 1526 4844; baseline 0 0"><span class='ocrx_word' id='word_1_306' title='bbox 0 0 1526 4844; x_wconf 95' lang='lat' dir='ltr'> </span> 
     </span>
    </p>
   </div>
  </div>
 </body>
</html>
