3022 4844
739 232 941 295 —lc8-

192 373 258 442 Sed
288 373 327 437 de
350 370 548 459 quibusdam
578 368 702 435 dicitur
733 368 768 433 in
792 367 1025 435 Ecclesiastico
1044 367 1116 456 (1):
1139 368 1284 437 Gratiae
1306 370 1467 437 fatuorum

193 496 427 563 effunduntur.
459 492 563 560 Fatui
593 499 698 576 sunt,
746 492 804 580 qui
842 492 963 579 spretis
994 492 1240 579 superioribus,
1278 499 1467 561 convertunt
1507 516 1509 559 ;

192 642 228 686 se
250 619 293 685 ad
308 619 375 685 ista
394 623 539 684 terrena.
557 615 646 682 Psal.
671 616 737 700 (2):
771 614 891 682 Oculos
921 637 999 681 suos
1022 621 1218 684 statuerunt
1249 616 1418 683 declinare
1436 617 1464 683 in

193 750 328 809 terram.
370 738 578 807 Affieiuntur
622 760 776 826 perversa
821 738 1018 805 affectione:
1059 738 1242 828 aliquando
1282 761 1344 827 per
1376 741 1465 807 verbe

193 863 392 949 indecentia,
419 863 472 932 vel
494 885 553 950 per
572 862 664 949 jocos
686 861 879 949 impudicos,
917 861 1063 949 perdunt
1084 869 1219 951 propter
1241 863 1375 952 ineptas
1405 863 1460 930 lae·

193 988 290 1055 titias
312 987 472 1076 quidquid
496 994 643 1073 tempore
667 986 732 1052 isto
756 984 880 1051 lucrati
903 991 994 1052 sunt.

283 1111 398 1177 Tertio
435 1110 642 1198 disponimur
678 1110 720 1175 ad
754 1108 998 1198 plenitudinem
1038 1110 1170 1196 gratiae
1206 1110 1455 1199 configuratione

195 1234 315 1300 mentis
345 1233 388 1299 ad
418 1234 536 1301 Jeeum
566 1256 625 1320 per
657 1232 909 1298 benevolentiae
943 1231 1172 1318 latitudinem,
1197 1256 1265 1321 qua
1294 1234 1331 1299 in
1361 1232 1454 1321 gratia

194 1357 395 1444 proficimus.
445 1356 541 1423 Unde
585 1356 769 1443 Apostolus
802 1356 870 1442 (3):
908 1354 1030 1422 Gratia
1068 1356 1203 1423 Domini
1245 1357 1354 1423 nostri
1387 1357 1454 1424 Jeso

193 1479 333 1566 Christi,
360 1486 394 1546 et
417 1479 564 1546 charitas
587 1479 672 1562 Dei,
699 1485 734 1544 et
756 1478 1009 1545 communicatio
1032 1479 1180 1567 Spiritus
1202 1481 1313 1547 saneti
1336 1480 1381 1547 sit
1396 1500 1454 1545 cun

197 1602 349 1668 omnibus
379 1602 484 1669 vobis.
511 1602 632 1669 Amen.
669 1600 854 1688 Conjungit
888 1609 1001 1668 autem
1037 1603 1150 1689 gratia
1183 1602 1246 1669 Dei
1279 1625 1355 1670 cum
1385 1624 1453 1669 con·

193 1725 419 1793 munieatione
443 1724 590 1813 Spiritus
613 1702 742 1810 sancti,
775 1724 854 1812 quia
887 1724 949 1790 illa
983 1725 1096 1791 anima
1129 1725 1230 1813 plena
1262 1732 1317 1794 est
1349 1724 1452 1813 gratie,

193 1870 277 1936 quae
305 1849 537 1934 configuratur
570 1847 705 1914 Christo
740 1847 776 1912 in
809 1847 1106 1914 communicatione
1134 1848 1297 1915 bonorum
1327 1848 1454 1937 Spiritus

193 1970 310 2037 saneti.
338 1972 428 2037 Deus
451 1977 502 2037 est
524 1970 653 2037 fontale
676 1970 876 2057 principium
899 1970 1028 2056 gratiae
1052 1976 1087 2037 et
1113 1970 1188 2057 dat,
1218 1971 1277 2038 sed
1300 1995 1366 2039 non
1386 1970 1453 2039 reci·

192 2093 254 2179 pit,
281 2093 360 2181 quia
384 2116 480 2159 suum
504 2098 555 2160 est
585 2093 675 2160 dare.
712 2093 852 2179 Oportet
884 2093 992 2179 igitur
1026 2094 1083 2182 qui
1117 2093 1237 2181 plenus
1271 2101 1325 2162 est
1356 2092 1454 2182 gratie

163 2302 168 2311 μ
192 2216 279 2302 quod
308 2216 353 2283 sit
380 2217 540 2301 liberalis,
572 2216 841 2282 communicando
865 2216 942 2283 aliis
966 2218 1052 2306 quod
1076 2217 1178 2284 habet
1206 2219 1353 2304 gratiae.
1375 2216 1457 2285 Unde

193 2338 311 2405 beatus
346 2341 468 2407 Petrus
493 2342 559 2426 (4):
598 2341 833 2430 Unusquisque
868 2348 908 2409 ut
941 2342 1069 2429 accepit
1097 2342 1244 2429 gratiam
1281 2343 1318 2409 in
1349 2343 1459 2410 alteru

192 2466 283 2527 trum
305 2463 556 2547 ministrantes,
584 2464 671 2529 sicut
694 2464 772 2529 boni
796 2464 1040 2551 dispensatores
1072 2464 1204 2551 gratiae
1238 2466 1317 2534 Dei.
1349 2462 1461 2554 Angeli

192 2590 272 2651 sunt
295 2584 482 2672 deiformes,
510 2586 588 2675 quia
612 2586 815 2652 charismata
838 2586 1037 2672 gratiarum,
1063 2609 1148 2676 quae
1176 2609 1198 2653 a
1227 2588 1367 2657 Christo
1388 2588 1459 2657 reci·

191 2707 299 2795 piunt,
325 2709 360 2773 in
384 2731 502 2796 corpus
526 2709 683 2809 ecelesiae
707 2711 886 2796 mysticum
915 2710 1110 2777 refundunt.
1136 2711 1163 2778 Ο
1186 2720 1321 2799 quanta
1349 2706 1463 2781 libere·

192 2831 273 2898 litas
307 2839 341 2899 et
375 2832 608 2899 benevolentia
629 2834 697 2899 fuit
721 2835 756 2899 in
781 2834 878 2901 beato
908 2834 1088 2922 Stephano,
1108 2836 1164 2924 qui
1187 2810 1341 2922 gratiam
1364 2860 1462 2927 recep·

191 2960 261 3021 tam
285 2979 304 3021 a
327 2957 407 3042 Deo,
434 2956 469 3021 in
493 2957 578 3022 alios
609 2957 717 3044 ipsum
742 2958 930 3045 lapidantes
952 2958 1090 3026 refudit.
1129 2959 1228 3027 Unde
1255 2961 1386 3031 dicitur
1411 2963 1465 3051 (ὅ),

191 3079 277 3166 quod
301 3080 471 3145 intuentes
494 3102 570 3145 eum
593 3102 704 3146 omnes
728 3081 785 3169 qui
808 3088 904 3148 erant
927 3080 962 3148 in
985 3082 1135 3168 concilio,
1163 3082 1331 3154 videbant
1353 3086 1464 3155 faeiem
1507 3122 1509 3131 ·

191 3200 264 3287 ejus
287 3207 456 3289 tamquam
492 3201 610 3266 faciem
637 3202 762 3289 angeli.
790 3203 900 3269 Simus
922 3204 1030 3290 igitur
1052 3212 1087 3272 et
1109 3227 1170 3271 nos
1192 3204 1390 3276 imitatores
1411 3228 1468 3275 non

192 3321 401 3408 daemonum,
428 3325 485 3390 sed
514 3324 729 3411 angelorum:
768 3326 803 3391 in
836 3326 920 3393 facie
955 3327 1042 3393 enim
1075 3326 1266 3396 invidorum
1304 3332 1395 3399 nihil
1423 3338 1469 3398 est

191 3444 368 3530 claritatis,
407 3448 485 3535 quia
519 3447 640 3514 bonum
674 3448 709 3513 in
744 3448 822 3513 aliis
855 3472 921 3515 non
944 3449 1068 3535 vident,
1098 3450 1157 3517 sed
1180 3451 1324 3521 malum.
1349 3456 1469 3523 Contra

190 3569 278 3635 tales
311 3568 394 3635 dicit
427 3571 612 3657 Apostolus
625 3573 692 3657 (6);
734 3571 949 3659 Adjuvantes
983 3572 1227 3659 exhortamur,
1275 3599 1320 3643 ne
1349 3580 1386 3643 in
1416 3598 1470 3643 va·

191 3715 289 3759 cuum
322 3693 469 3779 gratiam
493 3694 555 3761 Dei
578 3694 759 3782 recipiatis.
796 3695 861 3761 ille
895 3695 930 3761 in
965 3719 1107 3764 vacuum
1140 3698 1262 3787 recipit
1300 3701 1469 3788 gratiam,

218 3940 246 3987 (1)
261 3941 293 3987 20,
308 3951 329 3979 v.
345 3942 376 3981 1³.

218 4018 246 4065 (2)
262 4018 293 4063 16,
307 4028 329 4057 v.
346 4020 377 4059 11.

218 4098 246 4144 (3)
260 4099 273 4139 2
297 4098 348 4136 Cor.
364 4100 397 4143 13,
410 4109 432 4139 v.
449 4101 480 4139 1³.

219 4178 246 4225 (4)
261 4177 336 4225 Epist.
352 4179 370 4223 1,
384 4189 433 4227 cap.
443 4181 462 4225 4,
472 4190 493 4219 v.
505 4179 536 4219 10.

219 4258 246 4304 (5)
261 4258 310 4295 Act.
325 4258 344 4302 o,
357 4267 379 4296 v.
395 4260 425 4297 15.

218 4336 247 4384 (o)
262 4337 274 4376 Ἰ
289 4338 339 4377 cor.
355 4338 374 4384 o,
388 4348 409 4377 v.
427 4339 445 4378 1.
