3022 4844
630 271 676 282 —
701 238 765 303 129
787 272 833 289 η-

98 400 148 448 on
175 374 309 467 ingenii
333 394 482 445 acumen
504 384 540 442 et
563 374 743 453 memoria,
778 374 815 442 in
851 373 997 444 diversis
1033 374 1198 443 differunt
1219 375 1372 445 bomini·

99 524 160 571 us.
201 504 313 582 Quam
346 498 390 567 ob
426 497 600 566 diversam
632 496 801 566 rationem
841 497 1029 588 colligendi
1060 520 1150 585 quae
1181 498 1376 570 audiuntur

98 624 243 695 amdem
277 644 350 693 rem
377 621 541 713 pluribus
564 621 789 691 audientibus
823 634 857 690 et
888 621 1165 711 excipientibus,
1191 622 1283 691 alius
1306 623 1375 693 alio

98 746 283 827 effectius,
308 744 401 817 alius
424 744 493 815 alio
516 743 657 827 fusius,
684 745 866 834 magisque
890 744 997 813 verbo
1021 758 1123 814 tenus
1145 744 1196 813 vel
1220 745 1264 814 ad
1295 768 1374 815 scn-

98 894 164 947 um
193 868 353 949 dieentiS,
371 867 489 939 audita
506 867 624 939 retulit
648 868 685 936 in
709 868 943 937 membranas.
971 868 1058 937 Hinc
1084 868 1300 937 desumenda
1324 881 1375 939 est

98 996 173 1065 atio
197 1004 231 1065 et
253 1015 420 1064 mensura
442 992 657 1063 differentiae
671 1015 773 1079 quae,
793 1014 863 1061 non
880 992 983 1061 modo
1007 994 1097 1063 inter
1119 995 1246 1083 scripta
1264 1006 1297 1063 et
1321 1015 1373 1063 re·

97 1130 223 1189 tortata
245 1116 403 1208 ejusdem
427 1115 579 1185 auctoris
602 1115 795 1189 intercedit.
821 1138 940 1186 verum
965 1116 1070 1185 etiam
1096 1118 1185 1185 inter
1208 1117 1328 1186 eadem
1353 1140 1372 1185 a

97 1242 238 1312 liversis
261 1240 486 1311 audientibus
507 1261 549 1309 er
571 1260 631 1307 ore
653 1239 801 1308 dicentis
830 1254 1013 1330 reportata.
1041 1245 1130 1309 llaec
1155 1263 1237 1331 pirae
1260 1242 1375 1311 ocutis

97 1367 285 1437 iubeamus
307 1386 448 1435 neeesse
469 1376 533 1446 est,
559 1364 590 1433 si
613 1377 704 1433 recte
726 1363 770 1432 de
794 1365 975 1454 reportatis
993 1364 1154 1454 judicare
1186 1364 1348 1437 velimus.

179 1488 399 1559 Praedictum
423 1493 456 1558 S.
483 1493 742 1559 bonaventurae
774 1510 971 1557 sermonem
996 1488 1031 1557 in
1056 1489 1186 1558 scholis
1216 1490 1372 1559 habitum

97 1613 349 1685 barisiensibus
386 1611 527 1701 quando
553 1612 803 1702 expositionem
838 1612 874 1679 in
905 1612 1128 1703 Evarrgelium
1165 1618 1198 1683 S.
1227 1614 1375 1683 loannis

97 1758 235 1809 exorsus
255 1748 320 1820 est,
347 1736 480 1828 pluries
502 1736 614 1827 reperi
638 1737 674 1805 in
707 1758 792 1805 mss.
822 1737 1002 1807 codicibus
1036 1761 1054 1807 a
1086 1738 1232 1807 dirersis
1256 1761 1373 1829 repor-

97 1874 212 1944 atum,
231 1862 280 1933 itu
301 1872 364 1943 ut,
389 1882 604 1949 quamquam
628 1860 747 1951 plures
769 1861 920 1931 eundem
945 1864 1215 1952 reportaverint,
1242 1864 1373 1953 singoli

96 1996 203 2055 umen
239 1985 285 2055 ab
319 1984 440 2055 eodem
470 1983 619 2053 dicentis
649 2006 708 2053 ore
744 2006 780 2053 se
816 1984 917 2053 illum
942 1988 1135 2075 excepisse.
1162 1988 1374 2073 easdemque

96 2129 150 2181 res
173 2130 235 2199 pro
264 2106 407 2179 modulo
429 2108 578 2196 quisque
601 2129 677 2187 suo,
709 2108 780 2177 sive
810 2108 950 2177 brevius
975 2110 1046 2177 sive
1079 2110 1213 2191 sudus,
1249 2111 1374 2179 reterre

98 2230 258 2315 voluisse,
286 2231 375 2301 mihi
398 2232 547 2322 patuerit
569 2230 769 2300 conserenti.
808 2231 905 2315 ΨΜ]
940 2246 977 2301 ut
1001 2232 1138 2301 lectoris
1165 2236 1231 2303 ¹orb
1254 2236 1374 2303 oeulos

109 2374 237 2441 ponam,
267 2356 381 2447 primo
395 2355 551 2427 eundem
574 2356 736 2425 exhibeo.
754 2368 793 2424 ut
816 2357 852 2423 in
876 2356 995 2427 colice
1020 2358 1143 2427 ltalieo
1158 2362 1370 2435 contimtum

113 2474 180 2547 dein
200 2500 278 2551 vero
301 2479 346 2549 ad
364 2502 521 2549 normam
544 2479 729 2570 cujusdam
754 2479 884 2549 codicis
906 2480 948 2549 ad
975 2482 1218 2553 bibliothecam
1237 2484 1372 2553 tssoroto·

117 2598 284 2685 politanum
306 2604 531 2695 pertinentis;
555 2626 595 2672 ac
620 2604 718 2672 tertio
742 2608 921 2693 Protopnm
947 2610 1177 2697 Ecpooitc'onir
1202 2610 1235 2673 in
1262 2614 1372 2677 tron-

121 2725 429 2809 tetensteten
451 2750 473 2797 a
495 2733 730 2797 bonaventura
757 2730 928 2819 scriptum
953 2732 1069 2799 albro.
1096 2754 1246 2819 qoomm
1277 2746 1367 2799 oter-

123 2858 173 2925 (lut
190 2870 246 2921 seu
272 2850 364 2920 idem
387 2872 501 2921 sermo
523 2852 694 2931 contenit,
722 2850 912 2921 differentia
946 2868 1078 2923 mittitur
1103 2868 1258 2945 certet-pta.
1284 2876 1373 2941 ‘tuae

125 2958 190 3037 lber
207 2986 374 3065 reportata
396 2997 418 3045 a
440 2973 585 3043 diversis
606 2988 710 3061 atque
733 2974 778 3045 ab
802 2990 941 3045 arictore
965 2980 1091 3069 scripta
1119 2980 1309 3047 intercedit.

191 3098 247 3167 Sed
269 3098 354 3187 quia
376 3097 447 3167 vim
469 3097 600 3167 codicis
632 3097 738 3167 ltalici
775 3122 815 3169 ex
847 3122 888 3169 eo
919 3104 1024 3170 enam
1070 3104 1242 3193 pecorosa,
1280 3102 1372 3189 prot

127 3225 212 3289 Sermo
231 3222 288 3292 ille
311 3244 393 3293 eum
418 3221 561 3311 prologo
591 3222 815 3313 expositionis
848 3226 882 3293 in
915 3226 1137 3315 [carmelium
1169 3232 1201 3295 S.
1228 3228 1373 3298 tornutio

128 3344 297 3427 antonian,
324 3344 402 3414 ideo
425 3366 468 3413 ne
491 3346 744 3435 argumentatio
780 3362 895 3417 nostra
921 3349 1115 3429 claudicet,
1145 3362 1213 3419 tarn
1239 3364 1371 3419 ‹ze-ittam

127 3467 194 3539 (ltus
206 3470 234 3537 S.
250 3472 508 3538 bonaventurae
529 3490 604 3539 esse
626 3468 725 3539 debet
752 3474 925 3561 [xps-,im
950 3474 1020 3541 illo.
1049 3488 1084 3541 ot
1116 3476 1253 3545 witloni
1276 3498 1368 3569 pror-

127 3590 172 3647 stu
188 3590 335 3663 admittat
356 3592 516 3662 dubium.
533 3598 571 3661 Et
592 3614 705 3663 revera
722 3594 766 3663 ita
784 3618 838 3665 res
863 3596 963 3665 habu
982 3620 1014 3665 se
1039 3602 1131 3689 apud
1155 3623 1227 3681 nos,
1249 3624 1366 3687 ‹praru-

127 3693 333 3797 vispraediela
357 3716 529 3809 Expositio
552 3739 621 3787 non
635 3719 739 3787 seccrel
766 3722 831 3789 sub
856 3744 994 3790 nonnae
1011 3728 1137 3791 treola·
1163 3730 1205 3791 tle
1231 3730 1372 3793 ‘sonmo

128 3816 234 3909 Ordinis
254 3839 532 3909 Praedicator-um
556 3840 656 3910 suerit
682 3844 862 3933 impresso.
890 3848 1073 3915 formitate
1097 3872 1189 3917 ‘tutto
1215 3850 1277 3917 tort
1293 3858 1360 3917 boc

128 3958 189 4025 blo
206 3962 352 4035 aliorum
375 3964 514 4055 seriptis
535 3964 585 4035 sic
609 3968 672 4047 uti,
692 3982 730 4037 ut
747 3970 846 4059 plum
873 3976 1002 4039 erotem
1028 3976 1071 4041 de
1097 3998 1160 4041 soe
1185 3978 1372 4045 olentutem

126 4068 246 4170 tddens,
270 4086 351 4159 aliis
373 4098 514 4179 postea,
537 4110 627 4177 quae
649 4091 797 4161 alicmnn
836 4110 936 4175 suta,
964 4098 1039 4185 ‘jos
1063 4120 1137 4165 eas-e
1164 4102 1361 4171 colerentur·

125 4190 228 4279 lolem
258 4212 428 4283 habemus
460 4211 696 4285 clarissimum
729 4218 896 4288 Jacoimm
924 4224 1133 4301 lenonium,
1161 4246 1245 4311 ψη,
1284 4242 1377 4295 tantm

122 4326 211 4415 ptimo
239 4338 447 4429 Scriptorum
479 4338 614 4409 Ordinis
648 4342 923 4413 Proedieotornm
961 4368 1039 4437 pag.
1071 4352 1152 4429 ttt,
1181 4351 1232 4418 eol
1280 4358 1307 4431 t,
1336 4352 1377 4413 dc

1244 4468 1268 4539 b
