3022 4844
78 88 371 163 exauditionem
401 103 549 184 reportet
577 115 646 163 non
679 115 859 162 reversura
883 93 946 182 (t.)
979 96 1045 162 Ora
1081 115 1161 183 ergo
1186 114 1324 183 semper
1353 105 1393 163 ut

89 308 92 313 Ι
90 217 249 286 -tbcus
237 227 266 286 te
290 216 439 308 durrgat
430 239 468 285 1n
495 216 648 308 practica
670 216 905 307 triplucrsvrae
927 216 1133 306 praedictae,
1153 215 1393 306 donecrpsam

146 337 181 405 ad
209 341 538 412 suamvoluntatem
566 353 598 412 et
636 353 731 411 tuam
766 340 949 410 utilitatem
986 363 1026 409 ac
1055 340 1202 431 proximi
1233 340 1393 410 aedifica·

80 516 89 541 „
152 456 248 533 tionem
273 463 444 555 perficies.
477 462 569 534 Dicis
596 463 738 533 forsitan
765 486 859 533 nunc
886 463 994 532 mihi:
1030 485 1069 532 ex
1093 485 1161 549 quo
1188 462 1295 533 oratio
1323 474 1393 532 tam

86 674 89 679 Ι
155 582 243 658 efficax
265 599 315 659 est
341 599 374 659 ct
401 589 658 680 compendiosa,
685 588 729 659 ad
758 587 950 675 quamlibet
982 588 1236 683 praedictarum
1259 589 1393 657 viarum

91 738 94 743 ·
150 711 404 795 exercitationem,
432 734 501 801 quo
525 713 615 794 aliis,
642 713 772 784 scilicet
794 712 938 783 lectione
967 723 999 782 et
1023 712 1255 794 meditatione,
1286 714 1392 781 ornis·

94 921 97 927 ·
154 828 199 933 tis,
221 847 292 907 utar
319 858 457 928 semper
482 836 573 908 sicut
595 838 670 928 jam
702 837 819 907 dixisti
851 836 1015 912 oratione.
1060 836 1262 926 Respondeo
1300 835 1391 922 quod

87 934 91 941 ¹
155 950 363 1042 benefaceres3
389 961 419 1030 si
447 971 562 1032 tamen
590 960 770 1031 humiliter
805 972 837 1031 et
872 960 1056 1032 efficaciter
1091 982 1227 1051 semper
1249 982 1390 1040 craneo,

89 1076 113 1134 1·
150 1098 209 1150 curn
230 1086 285 1155 tali
311 1086 464 1169 scilicet,
500 1087 597 1174 quali
630 1086 735 1156 debes
758 1087 881 1156 affectu
914 1097 947 1155 et
973 1085 1174 1166 intellectu;
1212 1086 1271 1155 sed
1308 1084 1392 1172 quia

78 1187 99 1259 i
150 1198 222 1274 huc
218 1232 296 1300 pure
336 1233 474 1302 semper
505 1211 616 1281 facere
658 1233 727 1280 non
761 1222 881 1302 potes,
910 1210 987 1280 ideo
1022 1232 1160 1282 necesse
1194 1222 1266 1293 est,
1295 1221 1393 1280 utte

78 1332 273 1407 deterreas
302 1335 403 1427 prius
440 1357 541 1427 saepe
587 1358 627 1404 ac
672 1335 868 1423 frequenter
908 1334 1052 1404 lectione
1089 1335 1139 1404 vel
1173 1334 1394 1404 meditatione

79 1399 108 1510 Γ
149 1462 208 1524 ute
227 1459 422 1543 orationem,
451 1482 540 1548 quae
568 1460 625 1530 hic
654 1459 782 1530 dicitur
805 1460 1051 1550 compendiosa
1078 1460 1189 1551 magis
1213 1459 1346 1529 ceteris
1375 1482 1393 1526 »

91 1846 94 1852 ·
148 1830 180 1887 ut
197 1847 275 1899 more
303 1833 449 1911 dilectio,
482 1832 571 1901 dura
593 1833 680 1900 sicut
709 1833 861 1919 infernus
891 1834 1043 1901 aemulat
1031 1832 1091 1900 tt'o:
1121 1831 1295 1921 lampades
1320 1831 1392 1920 ejus

151 1932 338 2037 lampadae
315 1957 404 2045 tpnt's
438 1965 538 2046 atquc
569 1954 788 2045 (lucernarum
812 1955 875 2045 (2).
903 1960 960 2024 Est
992 1954 1098 2045 igitur
1133 1954 1283 2024 charitas
1320 1953 1390 2024 sive

78 2058 543 2160 ditectutnrus,s0u10r,
573 2077 650 2148 sort'
627 2079 773 2160 tissima3
798 2090 836 2148 ut
861 2076 890 2148 si
906 2079 1083 2170 erigamus
1106 2101 1182 2148 earn
1208 2078 1244 2147 in
1268 2101 1393 2166 quam·

150 2180 214 2263 flam
230 2200 393 2285 arborem,
417 2202 589 2285 dicamus
615 2202 751 2290 quod
724 2214 768 2272 srt
756 2202 928 2272 tfcrtis
918 2225 954 2271 1n
987 2201 1113 2283 radice,
1134 2202 1287 2273 sortior
1278 2226 1313 2271 1n
1331 2201 1391 2271 sti·

150 2306 213 2399 Ρῑῑθ,
227 2322 406 2397 fortissima
429 2326 465 2396 in
495 2326 689 2397 cacumine.
716 2327 824 2397 Habet
847 2327 941 2396 enim
966 2327 1117 2396 radicem
1143 2326 1178 2395 in
1203 2326 1389 2416 proposito,

78 2462 81 2471 '
150 2433 271 2535 stipium
302 2450 340 2520 in
371 2450 625 2542 experimento,
658 2472 826 2521 cacumen
851 2451 898 2520 in.
918 2450 1135 2542 flagellorum
1164 2450 1304 2542 gaudio.
1345 2455 1390 2520 De

78 1657 99 1902 ξ
216 1711 261 1775 52.
279 1730 295 1775 «
311 1712 455 1779 qucrus
471 1712 706 1779 Bouxvnnrunx
723 1728 822 1777 surra
836 1728 969 1778 caurien
985 1708 1390 1777 centumuirorum

147 2562 253 2647 rouo:
277 2580 318 2644 In
340 2575 482 2645 caritate
505 2574 661 2657 radicati,
689 2587 722 2644 et
752 2574 888 2645 fundati
903 2574 967 2665 (3).
986 2579 1031 2644 De
1046 2574 1210 2645 seeundo:
1230 2575 1314 2658 Quis
1329 2597 1393 2644 nos
1504 2645 1508 2650 ,

144 2697 290 2781 separabit
312 2698 487 2769 ecaritate
511 2699 794 2789 Christianum
818 2699 928 2768 tortio:
957 2699 1049 2769 Scire
1072 2699 1177 2768 etiam
1200 2699 1393 2790 superemi-

140 2828 257 2889 nentem
280 2822 652 2893 scicntiamcharitatis
671 2821 876 2912 Christ1()
896 2822 1049 2893 Charitas
1073 2822 1166 2892 enim
1190 2843 1259 2908 qua
1279 2822 1314 2891 in
1331 2822 1393 2892 tri-

133 2936 295 3015 bulatione
322 2944 527 3037 gaudemus,
561 2968 666 3036 super
692 2968 831 3016 omnem
864 2945 1044 3017 scientiam
1073 2958 1135 3016 est
1171 2944 1259 3016 Audi
1285 2943 1392 3015 David

126 3064 160 3137 in
186 3067 311 3152 radice,
352 3069 482 3141 scilicet
513 3071 549 3140 in
587 3071 762 3162 proposito
800 3071 947 3142 fortem:
982 3068 1144 3162 'Diligam
1176 3081 1208 3140 te
1250 3071 1393 3141 Domine

120 3204 182 3264 etc.
198 3192 263 3285 (6).
287 3194 376 3264 Audi
398 3195 463 3265 Job
489 3194 525 3265 in
543 3195 669 3287 stipite,
689 3195 777 3265 idest
792 3196 828 3265 in
844 3195 1076 3286 experimento
1092 3194 1227 3265 fortem:
1247 3194 1393 3264 Etiamsi

101 3314 280 3391 'occiderit
297 3340 369 3401 me,
394 3316 432 3388 in
456 3318 533 3410 ipso
557 3320 703 3411 sperabo
725 3319 787 3409 (7).
814 3319 902 3390 Audi
925 3319 1055 3413 positos
1071 3320 1107 3388 in
1124 3319 1317 3401 cacumine,
1341 3318 1393 3387 id-

135 3602 168 3651 (1)
181 3600 248 3643 ΜΓ.
262 3600 294 3648 85,
307 3602 341 3644 21.

136 3683 167 3732 θ)
181 3680 251 3723 cant.
266 3680 286 3727 e,
299 3690 321 3722 v.
335 3680 355 3721 θ.

135 3768 169 3815 (a)
182 3764 273 3815 lohes.
288 3766 308 3812 ³,
321 3774 346 3808 v.
361 3765 395 3807 1⁷.

134 3846 167 3895 (Δ)
179 3844 251 3885 Rom.
263 3846 283 3891 8,
296 3855 319 3886 v.
333 3846 368 3887 86.
381 3843 440 3894 Quis
453 3856 505 3896 erpo
518 3856 566 3886 noc.

131 3926 166 3977 (5)
181 3924 271 3983 Ephous.
284 3925 304 3971 8,
317 3934 340 3965 v.
354 3925 387 3966 1⁹.
400 3924 621 3977 snpereminentem
636 3922 740 3966 actantiae
753 3927 890 3967 charitatem.

136 4006 169 4054 (⁶)
184 4004 250 4045 Pul.
263 4005 297 4051 lt,
308 4014 332 4045 v.
346 4006 368 4047 Γ.

134 4086 168 4137 (t)
183 4084 238 4126 Jcb.
252 4084 285 4132 1³.
297 4094 323 4127 v.
337 4086 370 4126 lc.
