3022 4844
633 242 834 306 —457-

96 400 167 449 em.
203 379 380 469 Sequitur:
423 378 490 461 Qui
524 378 606 446 bene
635 380 733 466 agit,
778 377 873 445 venit
911 377 954 443 ad
989 375 1098 442 lucem
1139 380 1178 441 ut
1222 377 1364 443 manife·

96 506 217 571 tentor
239 525 340 591 opera
362 502 460 590 ejus,
495 503 650 590 quoniam
685 503 720 567 iu
744 503 812 568 Deo
835 501 927 567 faeta
950 507 1041 566 sunt.
1079 499 1126 566 Et
1148 505 1282 586 propter
1301 499 1363 567 hoe

96 624 170 695 ‚ioit
197 627 360 694 Dominus
389 625 565 714 Apostolis
593 626 662 712 (1):
693 625 748 692 Sie
784 625 897 692 luceat
927 624 987 691 lux
1019 629 1131 689 vestra
1164 645 1272 688 eoram
1298 623 1365 689 .ho·

96 748 240 838 uiribus,
277 756 318 818 ut
354 749 493 817 videant
529 770 629 837 opera
666 756 779 819 vestra
815 749 913 835 bona,
951 753 987 815 et
1024 747 1213 834 glorificent
1235 753 1365 835 patrem

96 880 259 961 'esuum
296 875 354 964 qui
390 875 426 940 in
463 873 564 941 coelis
600 878 662 941 est.
703 874 911 961 Hyporritae
951 877 1064 939 autem
1101 871 1233 938 feriunt
1266 893 1366 958 opera

96 1014 164 1085 ule,
187 1004 226 1065 ut
247 998 429 1065 videantur
450 998 493 1065 ab
516 997 718 1082 hominibus,
749 1002 785 1064 et
814 995 888 1063 ideo
916 998 1128 1063 evanescunt.
1154 994 1202 1061 Et
1231 1000 1366 1081 propter

96 1134 155 1189 tue
182 1144 255 1189 enm
292 1121 448 1189 elaritete
482 1121 590 1209 operis
627 1126 759 1207 oportet
791 1119 879 1208 quod
918 1118 1007 1184 adsit
1037 1117 1234 1204 simplicitas
1261 1117 1363 1201 oculi.

96 1234 169 1313 :deo
195 1244 280 1311 dieit
310 1245 473 1312 Dominus
496 1246 563 1331 (2):
598 1243 777 1311 Attendite
810 1265 850 1310 ne
879 1242 1050 1329 justitiam
1088 1245 1232 1309 vestram
1267 1241 1367 1307 faeia-

96 1360 139 1433 ἰἰε
157 1390 263 1435 eoram
295 1367 508 1453 hominibus,
536 1372 575 1434 ut
598 1366 778 1457 videamini
802 1366 844 1432 ab
868 1367 927 1433 eis.
964 1364 1071 1432 Debes
1106 1363 1213 1430 faeere
1243 1364 1366 1432 bonum

100 1506 130 1555 u
149 1491 276 1559 oeeulto
298 1497 462 1580 quantum
490 1490 533 1557 ad
561 1497 615 1576 te,
642 1490 700 1557 sed
728 1491 764 1557 in
787 1490 919 1578 publico
953 1496 1115 1578 quantum
1149 1486 1192 1553 ad
1215 1489 1365 1555 aedifica·

96 1606 209 1677 :ionem
232 1611 385 1699 proximi.
412 1612 539 1685 Beatus
561 1609 753 1698 Stephanus
776 1632 917 1696 magnae
939 1609 1008 1676 fuit
1037 1606 1201 1692 veritatis,
1228 1615 1365 1694 ergoet

96 1750 227 1822 treguae
263 1735 413 1803 virtutis,
448 1734 620 1816 Quaedam
652 1734 700 1820 (3)
731 1734 800 1801 fuit
822 1734 943 1799 mulier
965 1736 1096 1801 nomine
1119 1736 1278 1805 Petronia
1302 1736 1363 1821 (4),

96 1874 172 1947 {uae
194 1859 252 1925 diu
282 1860 395 1925 fuerat
428 1857 555 1924 afflicta
589 1857 812 1944 aegritudine,
838 1864 874 1925 et
897 1858 1006 1924 omnia
1036 1881 1121 1947 quae
1143 1859 1288 1926 habebat
1311 1881 1366 1923 ex-

96 1982 249 2070 penderat
285 1984 321 2047 in
358 1981 538 2048 medicinis.
572 1981 618 2047 Et
652 1987 769 2048 narrat
799 1980 1014 2067 Augustinus
1037 1982 1097 2050 lib.
1124 1984 1172 2069 (5)
1197 1982 1239 2050 de
1261 1982 1364 2050 Civit.

96 2105 173 2194 puod
210 2104 341 2173 invenit
378 2104 553 2194 quemdam
582 2104 750 2173 Judaeum
783 2105 921 2191 magieis
951 2106 1082 2173 artibus
1105 2106 1281 2192 imbutum,
1308 2104 1367 2194 qui

96 2228 231 2297 ronsulit
264 2229 307 2314 ei,
336 2229 424 2317 quod
446 2228 572 2295 faceret
595 2228 767 2314 einguium
803 2228 844 2294 de
878 2229 1011 2315 capillis
1045 2230 1127 2316 suis,
1161 2235 1196 2296 et
1229 2234 1368 2316 poneret

96 2352 250 2419 ennulum
285 2351 460 2439 quemdam
485 2353 532 2436 (6)
557 2351 593 2416 in
617 2351 751 2437 cingulo
782 2356 817 2418 et
844 2357 997 2439 portaret
1029 2353 1073 2418 ed
1106 2374 1213 2439 renes,
1251 2358 1286 2420 et
1320 2353 1369 2419 sie

96 2481 275 2543 tereretur.
306 2475 450 2541 Etcum
473 2497 538 2541 non
562 2480 672 2562 posset
695 2475 817 2561 curari,
844 2475 988 2559 audivit,
1026 2475 1114 2563 quod
1147 2476 1266 2543 beatus
1294 2477 1369 2543 Ste-

96 2599 222 2687 phanus
245 2597 354 2665 multe
376 2598 539 2665 miracula
561 2599 701 2665 feceret:
727 2598 871 2665 multum
895 2598 1016 2665 devota
1039 2600 1204 2685 cogitavit
1242 2600 1291 2665 ire
1325 2601 1368 2666 ad

96 2723 252 2810 emplum
273 2721 364 2788 beati
388 2721 562 2808 Stephani.
589 2722 636 2789 Et
663 2744 737 2787 oum
760 2721 824 2788 iret
847 2721 882 2786 in
907 2722 962 2789 via
982 2722 1068 2790 vidit
1087 2723 1248 2789 annulum
1267 2722 1367 2790 illum

99 2864 195 2909 aeere
217 2842 254 2907 in
276 2847 378 2927 terre,
405 2848 440 2907 et
462 2841 579 2908 statim
603 2841 765 2926 cogitavit
788 2841 875 2930 quod
898 2848 1019 2930 ruptus
1042 2848 1129 2909 esset
1151 2842 1308 2927 cingulus
1331 2846 1366 2908 et

96 2965 174 3055 [uod
198 2965 344 3031 annulus
366 2971 453 3031 esset
476 2965 621 3031 fractus:
647 2964 793 3052 respexit
823 2970 857 3032 et
889 2965 974 3034 vidit
998 2966 1159 3031 annulum
1181 2966 1363 3051 integrum.

96 3088 158 3156 loe
193 3095 306 3155 eutem
340 3088 420 3156 feeit
453 3064 572 3154 beatus
606 3088 808 3176 Stephanus,
846 3089 903 3176 qui
938 3089 1045 3158 voluit
1074 3088 1160 3177 quod
1184 3089 1254 3155 sine
1277 3089 1367 3155 omui

96 3208 327 3299 ruperstitione
360 3210 506 3278 intraret
537 3211 711 3298 templum,
743 3217 778 3278 et
812 3211 873 3278 hoe
905 3213 1015 3299 potuit
1038 3212 1162 3280 veritas
1185 3211 1275 3278 fidei.
1303 3211 1368 3277 Sed

96 3329 189 3397 nulti
223 3329 260 3394 in
294 3329 531 3416 superstitione
554 3351 616 3395 sua
642 3328 834 3396 efficiuntur
857 3331 968 3397 stulti.
994 3330 1124 3396 Audivi
1148 3331 1188 3396 de
1212 3329 1365 3418 quodam,

96 3448 141 3537 (αἱ
156 3446 267 3514 voluit
277 3469 349 3513 esse
361 3452 516 3535 expertus
538 3448 574 3513 in
590 3448 789 3535 alehymiee,
809 3449 918 3515 faetus
941 3456 993 3515 est
1016 3449 1162 3515 stultus:
1189 3449 1278 3515 unde
1301 3451 1369 3516 iste

99 3572 218 3639 uriosa
240 3593 307 3636 non
330 3577 410 3637 sunt
422 3570 560 3637 dicenda
579 3572 701 3659 pueris,
717 3573 796 3660 quia
808 3561 943 3639 'animae
958 3596 1134 3660 puerorum
1149 3573 1367 3653 seducuntur,

96 3696 173 3763 ient
196 3695 284 3783 quod
307 3717 390 3782 puer
412 3694 556 3763 efficitur
579 3696 703 3779 strabo,
729 3696 859 3785 quando
873 3697 1009 3765 lucerna
1033 3704 1084 3765 est
1106 3722 1147 3765 ex
1170 3698 1319 3765 adverso.

107 3944 139 3991 (1)
153 3941 223 3981 Mate.
238 3944 256 3987 t,
267 3952 289 3982 v.
304 3943 337 3982 lo.

108 4024 139 4070 (2)
154 4020 223 4060 ruste.
238 4022 257 4067 t,
271 4030 293 4059 v.
310 4022 328 4061 1.

109 4102 140 4149 (3)
156 4100 218 4139 Vide
233 4100 255 4139 S.
271 4101 368 4149 August.
382 4101 427 4140 vot
443 4102 462 4146 7,
476 4101 520 4142 eol.
543 4103 589 4149 670,
605 4112 627 4141 u.
643 4104 675 4147 21,
690 4103 745 4142 edit,
761 4103 841 4143 Veuet
858 4105 916 4144 ltro.

109 4182 140 4229 (4)
155 4178 214 4218 nse.
230 4178 313 4218 habet:
328 4180 447 4219 Patronus.

112 4260 143 4308 (5)
158 4260 193 4303 22,
208 4268 260 4306 esp.
275 4258 295 4297 8.

112 4339 143 4387 (6)
159 4337 239 4379 codex
253 4336 335 4378 habet:
350 4340 465 4389 quoddam.

476 4472 482 4485 ι
581 4480 591 4491 ,.

452 4392 639 4563 affligar!
715 4519 718 4524 ·

474 4548 536 4577 ...²5-
560 4552 589 4577 ιΙΙ
610 4542 639 4575 ΜῚ.

490 4584 508 4600 ι(
564 4573 609 4612 &h

470 4617 501 4637 ..1
516 4615 526 4622 ¹1
553 4613 554 4616 ¹
589 4615 591 4622 t
612 4619 622 4634 *b
653 4610 656 4617 Ι

477 4636 505 4675 Ἠν
535 4641 562 4674 spi
609 4641 619 4654 ¹

482 4684 485 4689 ·
499 4687 505 4696 a
548 4677 574 4702 ..s¹

477 4708 501 4757 ·ἳί
515 4719 522 4728 ⁴
540 4705 614 4759 ’,·.’
