3022 4844
668 256 866 321 -489-

140 401 176 466 7.
200 399 317 468 Sermo
341 398 381 467 de
410 397 493 467 donc
533 397 751 476 intellectus·
774 394 881 484 incip.
927 417 945 461 «
975 396 1181 469 Benedicarn
1218 397 1405 468 Dominum

348 521 409 625 qui
437 518 558 595 tribuit
597 518 686 593 mihi
722 517 948 595 intellectum.
987 520 1076 591 Psal.
1108 527 1161 600 l5,
1212 526 1244 589 7.
1282 527 1322 591 In
1351 521 1407 590 his

279 685 282 689 <
348 644 463 722 verbis
482 642 679 742 explicatur
704 643 835 719 donum
862 641 1057 719 intellectus
1075 644 1103 719 d
1119 645 1260 745 ¹Spiritu
1285 649 1407 717 Sancto

348 769 469 877 datum
493 776 664 861 quantum
690 767 736 839 ad
759 767 847 849 duo,
875 767 1005 841 scilicet
1028 750 1200 857 quantum
1228 770 1272 839 ad
1296 772 1407 839 susci-

348 894 475 987 piends
503 891 676 969 humilem
705 891 953 993 gratitudinem
958 948 1078 962 .....
1106 906 1143 964 et
1170 895 1407 999 quantumad

349 1018 464 1095 dantis
498 1016 677 1092 liberalem
706 1017 941 1093 diffusionem.
962 1043 979 1087 »

144 1151 181 1215 8.
206 1147 321 1219 Serico
345 1145 385 1213 de
419 1143 503 1217 donc
537 1143 750 1235 sapientiae,
788 1142 899 1234 incip.
930 1144 1001 1213 «si
1027 1144 1405 1243 consummationum

266 1362 273 1370 ⁶
350 1267 493 1349 diduco,
509 1288 598 1353 quae
620 1289 761 1341 sursum
780 1321 900 1336 .....
927 1289 996 1341 non
1023 1290 1112 1355 quae
1133 1290 1239 1367 super
1264 1282 1402 1338 terram.

352 1393 400 1462 id
429 1391 555 1467 coloss.
581 1396 619 1474 3,
648 1397 679 1472 l,
705 1397 738 1464 2.
765 1399 805 1463 In
832 1392 890 1467 his
912 1393 1024 1465 verbis
1047 1393 1204 1471 hortatur
1226 1416 1288 1463 nos
1318 1376 1406 1484 lpo-

349 1518 458 1588 stolus
481 1517 628 1608 adipisci
651 1518 783 1589 donum
805 1541 904 1588 verae
937 1519 1138 1610 sapientiae.
1171 1544 1190 1588 n

120 1890 234 1953 Iidem
260 1901 433 1949 sermones
455 1858 534 1945 cum
555 1889 765 1961 quibusdam
788 1889 866 1944 aliis
880 1889 917 1945 in
938 1891 1057 1951 codice
1072 1890 1207 1952 Gallico
1228 1852 1395 1949 comenia.

147 2113 178 2176 l.
205 2108 323 2181 Semne
355 2109 567 2203 praemialis.
606 2146 651 2155 —
688 2129 706 2171 a
741 2110 927 2174 Hortamur
966 2129 1148 2175 vos.
1189 2108 1320 2183 Diffusa
1358 2123 1410 2185 est

350 2229 460 2325 gratia
488 2229 524 2299 in
541 2229 643 2298 labiis
672 2229 742 2300 tuis
755 2286 855 2298 .....
875 2230 1072 2301 Secundum
1087 2232 1231 2303 verbum
1246 2231 1409 2324 dirigitur

352 2355 396 2423 ad
421 2353 605 2423 Dominum
634 2365 804 2423 nostrum.
838 2379 855 2420 »

131 2488 180 2559 -2,
201 2483 324 2567 Sermo
347 2481 388 2548 dc
417 2480 500 2548 dono
530 2480 671 2547 timoris.
687 2518 732 2527 —
753 2479 903 2547 «Venite
932 2478 996 2548 filii
1024 2480 1140 2550 audite
1168 2503 1223 2553 ine
1229 2537 1295 2550 .....
1319 2479 1410 2557 ,Audi

350 2613 466 2672 tacens
488 2613 520 2670 et
546 2624 608 2692 pro
626 2597 822 2672 'reverentia
828 2658 894 2671 .....
920 2604 1068 2673 Verbum
1090 2604 1253 2674 ultimum
1280 2599 1410 2674 descri-

353 2726 447 2797 bitur
475 2726 529 2794 in'
545 2725 795 2796 Ecclesiastico.
822 2752 840 2793 »

134 2863 172 2929 3.
203 2857 324 2926 Sermo
347 2853 388 2921 de
416 2853 501 2920 ἀοηο
513 2852 663 2941 pictatis,
681 2891 725 2900 -
741 2875 758 2917 «
775 2855 937 2920 Exercere
966 2853 1115 2943 teipsum
1140 2854 1183 2923 ad
1203 2854 1408 2944 pietatem...
1461 2866 1464 2871 '

352 2975 461 3045 Verba
489 2974 554 3042 ista
581 2974 723 3043 suntin
750 2975 864 3065 prima
890 2976 1036 3065 epistola
1064 2977 1107 3046 ad
1135 2977 1281 3047 Timoth.
1315 3003 1333 3045 »

132 3112 173 3174 i.
206 3104 327 3172 Sermo
350 3100 391 3167 de
418 3100 501 3167 dono
524 3100 767 3166 scientiae-o
780 3102 869 3167 Deus
891 3099 951 3185 qui
967 3099 1052 3168 dixit
1071 3101 1113 3169 de
1129 3100 1278 3170 tenebris
1296 3102 1411 3172 lucem

351 3222 631 3314 splendescere...
650 3221 715 3303 Qui
730 3221 872 3312 corripit
887 3237 1006 3314 gentes
1030 3247 1099 3293 non
1114 3237 1275 3316 arguet...
1303 3228 1410 3296 David

351 3347 435 3417 dicit
458 3347 551 3433 quod
576 3368 725 3436 magnus
747 3346 865 3416 doctor
890 3348 1113 3417 scientiarum
1130 3353 1219 3418 Deus
1235 3362 1286 3420 est
1290 3407 1357 3420 .....
1392 3375 1410 3419 »

136 3485 178 3546 5.
210 3475 329 3543 Sermo
354 3473 394 3540 de
423 3473 508 3539 dono
539 3470 762 3558 fortitudinis.
780 3510 824 3518 -
846 3494 864 3536 u
893 3470 1069 3540 Mulierem
1097 3472 1218 3542 sortem
1246 3476 1325 3561 quis
1359 3477 1412 3544 in-

351 3593 522 3669 veniet...
539 3649 546 3661 .
565 3649 572 3663 .
590 3594 683 3667 Sicut
712 3595 818 3666 turris
846 3595 952 3667 David
981 3597 1110 3669 collum
1135 3610 1311 3668 .tunm.....
1329 3606 1410 3669 Ver-

352 3719 438 3789 bum
465 3717 630 3793 utimum
658 3719 821 3791 scribitur
848 3721 884 3789 in
914 3722 1042 3793 Cantic.
1068 3723 1124 3814 (l)
1153 3749 1171 3793 »

133 3854 181 3923 δὲ
204 3846 323 3915 Sermo
344 3844 381 3911 in
408 3844 665 3933 annuntiatione
680 3844 878 3932 dominico(
900 3851 1009 3931 ).-—«
1027 3848 1206 3919 Mulierem
1235 3851 1403 3925 sortem...

145 4086 179 4133 (Ι)
195 4083 226 4123 In
239 4082 285 4141 hoc
299 4083 395 4123 exordio
409 4084 458 4132 agit
471 4084 501 4124 de
513 4085 539 4124 B.
554 4084 657 4133 Virgine,
671 4095 743 4134 qnam
757 4089 916 4127 commendari
931 4090 975 4134 uit,
991 4089 1095 4137 “primu
1110 4101 1124 4130 a
1138 4092 1272 4140 spiritualis
1291 4093 1412 4135 tortitudi-

111 4167 163 4208 ffl
178 4162 344 4207 robontloaez
356 4152 472 4213 hundo,
486 4166 697 4214 acuminatur-olis
712 4168 840 4214 conceptus
854 4168 1026 4211 foecundum&
1041 4171 1064 4208 et
1075 4170 1153 4216 tercio,
1164 4172 1303 4212 senatoris
1314 4182 1354 4211 cnr

112 4247 304 4293 dammone...
317 4248 351 4287 iis
365 4246 427 4289 dono
441 4247 590 4292 tortitudinis
604 4249 712 4295 dicemus
725 4250 803 4298 lindie,
817 4252 845 4293 dc
859 4253 985 4304 privilegio
999 4253 1168 4295 foecunditatis
1179 4266 1236 4301 cru
1249 4256 1274 4297 ir

117 4332 153 4371 de
170 4328 239 4369 dono
253 4327 348 4368 conassfl
361 4337 414 4367 cres
424 4327 520 4368 insero.
535 4358 546 4379 „

150 4408 184 4457 (²)
196 4407 229 4447 In
240 4406 287 4449 hoc
300 4416 409 4475 normam
424 4406 480 4457 ugit,
493 4408 520 4448 ut
534 4409 683 4457 promiserat,
697 4411 726 4449 de
740 4412 867 4462 privilegio
882 4412 1048 4455 foecunditatis
1062 4416 1087 4454 Β.
1097 4415 1127 4454 M.
1138 4416 1164 4455 V.
