3022 4844
565 231 695 295 -269
728 265 767 275 -

86 381 144 440 inte
168 370 274 441 coelis
297 368 494 439 inhaerens.
526 373 617 451 Quae
644 389 783 437 sursum
811 377 892 437 sunt
919 387 1076 453 quaeras,
1108 387 1195 453 quae
1222 388 1301 435 sur-

86 516 111 562 m
138 494 372 586 sunttsapias,
404 504 443 562 ut
471 492 634 562 merearis
667 503 805 584 gustare
831 504 863 560 et
894 490 1017 572 videre,
1049 512 1155 576 quarn
1185 491 1301 560 suavis

106 622 269 691 Dominus
290 620 327 689 in
351 619 417 687 hac
443 619 522 699 vita,
550 630 583 687 et
607 617 725 688 satiari
749 638 830 686 cum
854 616 1052 706 apparuerit
1075 616 1185 707 gloria
1211 617 1298 707 ejus,

86 756 222 815 testante
250 764 376 835 sponso
415 753 473 811 tuo
510 742 653 811 Domino
690 753 805 810 nostro
842 724 942 809 Jesu'
962 739 1120 822 Christo,
1160 741 1220 827 qui
1252 751 1303 810 est

86 890 120 939 us
145 869 347 939 benedictus
378 868 413 937 in
442 867 580 937 saecula
609 866 838 936 saeculorum.
872 868 987 933 Amen.
1016 888 1034 930 n

122 1248 173 1313 25.
207 1266 225 1308 «
251 1248 403 1311 Errsrom
440 1262 579 1309 crusnam
617 1260 813 1309 onvorrssrm
844 1242 1011 1318 Douronrs
1045 1260 1134 1307 nunu
1166 1246 1307 1343 Jonnms'

86 1387 307 1448 tavcnruann,
339 1390 380 1435 ao
409 1388 559 1444 ouunoau
589 1387 650 1433 s1o1
678 1384 842 1443 ornacum,
874 1386 912 1430 on
942 1384 1105 1432 cunruooa
1135 1386 1186 1432 sor
1214 1340 1303 1434 ausrss

86 1504 186 1563 moun
216 1515 273 1561 sun
305 1513 484 1562 voconmru
514 1511 633 1569 nivino,
662 1510 700 1557 ar
732 1509 849 1585 corona
881 1510 999 1557 aarum
1029 1509 1092 1556 com
1122 1510 1304 1559 vouunrnru

87 1640 112 1686 r.
132 1642 149 1685 ›>
178 1618 315 1709 Incipit:
347 1640 363 1683 «
391 1615 505 1685 Gratia
530 1614 623 1683 vobis
647 1623 679 1682 et
704 1611 939 1682 misericordia
961 1635 982 1679 a
1002 1611 1091 1681 fonte
1112 1613 1304 1683 misericor-

86 1773 115 1820 re
143 1756 209 1821 Deo
239 1763 332 1841 patre
363 1761 498 1830 nostro,
530 1761 562 1818 et
591 1747 733 1817 Domino
771 1753 854 1817 Jcsu
884 1746 1037 1827 Christo,
1069 1746 1130 1832 qui
1166 1747 1305 1817 tradidit

86 1868 260 1967 netipsum
296 1898 357 1965 pro
387 1875 509 1954 nonio,
543 1884 579 1941 ut
611 1894 673 1942 nos
716 1870 898 1940 mundaret
936 1871 978 1938 ab
1017 1870 1111 1939 omni
1142 1871 1305 1959 inquina-

86 2013 151 2070 snto
179 2001 331 2091 eorporis
360 2011 391 2068 et
420 1999 577 2080 animae,
609 2010 647 2065 ut
675 2018 737 2066 nos
775 2016 1004 2087 appareamus
1040 1997 1150 2066 sancti
1179 2006 1211 2066 et
1241 1998 1305 2066 im-

86 2126 197 2195 aculati
228 2127 263 2193 in
293 2135 478 2214 conspectu
507 2122 612 2213 patris
643 2121 792 2201 aeterni,
820 2132 853 2190 et
883 2120 1040 2189 omnium
1072 2144 1304 2211 supernorum

86 2250 173 2318 rium.
202 2234 306 2341 Cujus
336 2249 383 2317 roi
412 2247 541 2338 gratia,
572 2246 675 2315 frater
702 2245 892 2328 carissime,
922 2260 955 2316 et
981 2246 1143 2319 cordialis
1172 2248 1303 2347 amice,

86 2395 167 2444 emor
195 2397 257 2465 ego
292 2372 517 2463 professionis¹
544 2384 637 2451 tuae,
680 2393 777 2439 meae
820 2371 963 2455 similis,
995 2374 1141 2465 cogitavi
1166 2374 1308 2463 jamdu-

86 2521 123 2567 m
152 2501 211 2569 tibi
240 2498 370 2584 aliquid
401 2498 560 2577 scribere,
579 2518 647 2582 quo
672 2496 799 2587 pariter
815 2495 936 2566 fortius
956 2499 1096 2567 accendi
1125 2520 1307 2588 possemus

113 2624 322 2711 sequendum
350 2645 441 2702 eum,
468 2623 529 2708 qui
559 2634 627 2691 tam
656 2620 802 2690 dulciter
831 2643 894 2692 nos
924 2623 1053 2703 invitat,
1085 2635 1117 2691 et
1149 2635 1219 2691 tam
1237 2623 1306 2691 sor-

86 2771 134 2830 or,
164 2772 267 2835 quarn
299 2748 466 2827 suaviter,
497 2746 629 2814 trahere
658 2746 781 2836 satagit
809 2746 851 2814 ad
883 2768 978 2835 spem
1011 2769 1179 2837 supernae
1208 2769 1306 2815 voca-

86 2874 182 2942 ·nis...
211 2897 229 2937 n

131 2997 277 3066 Desinit:
297 3002 449 3066 «Certus
484 2996 567 3083 quia
599 3017 707 3081 neque
738 3018 840 3077 mors,
867 3018 976 3082 neque
994 2997 1072 3077 vita,
1106 3018 1216 3082 neque
1249 3019 1309 3064 an-

86 3123 118 3203 li,
151 3145 259 3208 neque
288 3121 496 3212 archangeli,
531 3142 641 3207 neque
671 3120 896 3211 principatus
929 3144 1037 3208 neque
1070 3122 1221 3203 virtutes
1252 3145 1309 3190 ne-

86 3271 107 3316 e
129 3247 282 3327 altitudo,
311 3269 420 3333 meque
447 3245 669 3336 profundum,
701 3268 811 3332 neque
836 3247 1009 3329 instantia,
1040 3270 1149 3335 neque
1176 3247 1303 3328 sutura,

86 3393 148 3458 quo
176 3383 329 3440 creatura
361 3371 429 3440 alia
457 3372 578 3461 poterit
616 3392 677 3440 nos
705 3393 863 3461 separare
892 3394 912 3440 a
940 3373 1079 3441 caritate
1111 3373 1188 3454 Dei,
1220 3396 1308 3459 quae

86 3520 90 3564 ·,
120 3497 152 3564 in
185 3496 315 3565 Christo
344 3501 425 3564 Jesu
455 3494 595 3564 domino
627 3506 760 3575 nostro;
793 3496 828 3563 in
865 3518 944 3583 quo,
976 3497 1160 3587 perdilecto
1189 3498 1304 3579 frater,

85 3632 117 3689 to
148 3631 185 3689 ut
216 3619 345 3700 valeas;
377 3620 476 3707 eique
504 3643 566 3710 pro
596 3642 649 3688 me
677 3619 815 3688 devotas
845 3643 961 3711 preces
992 3622 1129 3704 fundas,
1162 3645 1241 3692 curn
1272 3623 1307 3690 in

101 3800 108 3825 ‚
141 3766 229 3831 qnae
259 3745 464 3835 praescripsi
494 3743 746 3835 adimplendis,
791 3746 926 3815 unxerit
955 3757 987 3816 te
1015 3770 1096 3839 prae
1136 3747 1310 3838 participi-

86 3892 110 3937 rs
139 3869 212 3938 oleo
242 3868 495 3938 misericordiae
526 3848 620 3939 sudo.
649 3892 667 3935 o

128 4226 184 4289 26.
214 4242 231 4284 «
250 4224 402 4288 Errsrorn
430 4241 568 4288 crusnam
595 4240 792 4289 ouvorrssrur
821 4225 987 4302 Dorionis,
1006 4244 1047 4289 ao
1063 4244 1212 4300 ausuram
1227 4246 1312 4292 nuu-

86 4365 157 4416 tsuu
196 4367 258 4414 s1n1
297 4366 471 4425 arcuerim,
512 4368 550 4413 ou
589 4366 747 4414 moramur
782 4368 821 4413 nr
866 4368 1035 4417 rnonrnsso
1085 4369 1242 4419 rnorncro
1279 4370 1312 4417 m
