3022 4844
544 275 585 287 —
608 240 674 307 259
697 276 741 286 -

69 383 123 446 lo.
152 381 264 447 Surrun
300 398 532 448 cmrnnrrcta.
559 379 701 470 Incipit:
730 402 747 445 ((
771 380 962 462 Quaeritur,
982 391 1099 448 utrum
1119 396 1275 451 constru-

12 501 67 571 uio
89 514 124 571 et
146 502 255 571 oratio
278 502 347 571 sint
375 501 517 583 eadem,
543 514 575 573 et
604 504 739 573 videtur
768 504 860 592 quod
885 505 945 573 sic.
974 504 1059 573 Dicit
1082 505 1174 574 enim
1198 506 1271 574 Ari-

10 626 147 708 stoteles
180 627 272 714 quod
296 648 444 713 qnorum
468 627 687 699 definitiones
711 641 792 699 sunt
824 628 984 710 eaedem,
1010 629 1086 719 ipsa
1110 644 1191 699 sunt
1216 653 1274 699 ea-

10 746 93 831 term
119 749 179 820 sed
194 750 411 820 definitiones
420 753 687 823 constructionis
703 766 735 824 et
750 754 914 823 orationis
930 766 1010 825 sunt
1026 754 1177 835 eaedem;
1191 777 1272 845 ergo

10 884 66 945 tte.
91 875 188 957 Quod
212 886 328 944 autem
344 877 607 948 constructionis
631 891 663 948 et
679 878 843 948 orationis
868 878 936 948 sint
953 879 1092 947 eaedem
1108 878 1274 949 definitio·

10 1018 76 1081 res,
103 1010 218 1090 patet;
262 990 426 1086 quoniam
449 1002 658 1072 constructio
689 1015 740 1072 est
763 1024 918 1093 congrua
955 1002 1145 1073 dictionum
1178 1004 1269 1072 ordi-

10 1110 100 1193 natio
131 1134 208 1206 etc,
238 1135 271 1192 et
300 1124 458 1193 similiter
486 1128 617 1197 oratio:
641 1112 676 1197 et
700 1129 749 1197 sic
774 1138 865 1218 patet
887 1128 1050 1214 quoniam
1087 1129 1163 1218 ipsa
1188 1142 1269 1199 sunt

10 1246 138 1316 eadem.

95 1373 194 1442 «Sed
218 1382 356 1443 contra:
378 1396 489 1462 ,causa
511 1386 544 1445 et
566 1388 746 1446 causatum
763 1397 831 1444 non
849 1388 929 1447 sunt
954 1376 1092 1455 eadem;
1121 1376 1178 1446 sed
1195 1399 1272 1446 ora-

12 1494 56 1565 io
75 1510 233 1568 causatur
255 1521 275 1566 a
298 1499 569 1581 constructione;
595 1522 677 1593 ergo
699 1501 907 1571 constructio
927 1511 959 1569 ct
974 1500 1081 1569 oratio
1103 1523 1171 1570 non
1190 1514 1272 1571 sunt

10 1619 138 1691 eadem.
154 1678 161 1690 .
176 1678 206 1690 ..
237 1647 255 1689 »
385 1705 388 1711 .

89 1747 233 1817 Desinit:
254 1771 272 1814 (
297 1751 341 1818 ld
368 1749 463 1819 aliud
487 1749 684 1831 dicendum,
702 1749 793 1836 quod
811 1771 877 1818 non
898 1761 949 1819 est
964 1749 1012 1817 ibi
1029 1750 1170 1839 nugatio
1184 1751 1267 1837 quia

10 1868 91 1941 radit
114 1873 204 1942 inter
235 1872 295 1942 illa
325 1875 394 1945 duo
417 1876 521 1944 verba
555 1875 751 1964 conjunctio
778 1875 993 1965 copulativa,
1019 1895 1107 1960 quae
1130 1872 1271 1941 denotat

10 1986 237 2067 liversitatem
270 1996 359 2067 inter
394 1999 474 2068 illa:
501 1999 582 2086 quia
614 1999 648 2088 ly
682 2000 846 2069 dormiam
874 1998 1038 2088 supponit
1071 2019 1133 2087 pro
1157 1996 1271 2087 prima

10 2132 102 2203 pace,
127 2122 268 2208 quaein
299 2123 397 2192 terris
421 2138 483 2206 cst,
510 2125 544 2213 ly
569 2127 775 2215 requiescam
800 2146 861 2214 pro
892 2146 975 2213 pace
1000 2122 1161 2203 secunda,
1185 2142 1272 2209 quae

19 2254 41 2304 Π
68 2246 174 2316 coelis
196 2258 255 2329 est,
283 2247 326 2315 ad
351 2270 456 2335 quarn
481 2271 544 2317 nos
567 2249 742 2338 perducat.
772 2274 789 2315 »

87 2626 142 2689 ll.
171 2626 392 2703 Qumsrrours
430 2644 529 2691 suren
561 2645 708 2701 ounruon
744 2645 852 2692 uanos
889 2644 1076 2691 roncoauu.
1118 2621 1268 2709 lncipit:

24 2744 142 2814 Omne
180 2746 271 2832 quod
306 2746 489 2836 appetitur,
527 2758 584 2815 aut
616 2758 666 2815 est
699 2748 829 2815 botrum
862 2745 1086 2836 simpliciter,
1122 2757 1182 2813 aut
1212 2744 1271 2812 bo-

10 2876 82 2937 urn
119 2891 304 2959 apparens.
343 2874 476 2939 Bonum
519 2880 634 2938 autem
679 2869 899 2960 simpliciter,
940 2881 998 2938 aut
1039 2880 1088 2936 est
1140 2868 1269 2936 bonum

10 2994 86 3063 lod
118 2993 202 3082 (est)
235 2993 333 3075 linis,
368 3006 428 3064 aut
461 2993 552 3080 quod
586 3005 635 3062 est
668 2994 865 3065 ordinatum
903 2994 945 3063 ad
980 2994 1095 3062 finem.
1140 2997 1270 3060 Bonum

10 3126 116 3187 utem
142 3117 236 3204 quod
264 3127 315 3187 est
338 3118 429 3200 finis,
456 3128 507 3188 est
530 3140 591 3208 per
615 3141 651 3188 se
674 3119 816 3202 bonum,
850 3119 943 3189 unde
972 3116 1182 3188 Aristoteles:
1210 3121 1272 3183 Per

10 3253 19 3295 Β
58 3246 183 3313 donum
213 3254 271 3325 cst,
304 3267 368 3334 quo
398 3245 605 3336 interempto,
627 3248 734 3337 ploro
763 3248 847 3314 dono
871 3248 1124 3323 intermontan·
1155 3254 1193 3310 ut
1218 3242 1270 3308 in-

10 3380 166 3459 ·rempto
180 3369 270 3437 bono
286 3366 379 3450 finis,
406 3368 652 3439 interimuntur
674 3372 764 3440 bona
779 3392 868 3456 quae
892 3381 971 3438 sunt
994 3370 1037 3437 ad
1064 3357 1178 3436 finem}
1207 3372 1268 3434 llo-

10 3504 82 3563 um
108 3504 223 3563 autem
256 3493 451 3562 ordinatum
475 3495 518 3563 ad
548 3495 676 3575 finem,
710 3505 760 3564 est
798 3495 935 3586 proprie
968 3493 1137 3581 loquendo
1162 3491 1272 3569 utile;

10 3618 85 3687 nde
111 3618 292 3688 avicenna:
323 3620 408 3688 lltt'lc
436 3621 639 3709 est-occario
668 3621 812 3688 ducendi
827 3623 861 3688 ln'
889 3620 1028 3709 olt'puod
1056 3621 1184 3687 loetum.
1207 3621 1270 3684 Bo-

10 3760 77 3813 Jm
101 3758 217 3813 autem
244 3742 336 3828 quod
360 3754 411 3812 cst
434 3702 532 3839 find
544 3742 672 3833 duplex
688 3754 750 3824 est,
771 3744 804 3811 in
828 3744 926 3811 nobis
951 3754 983 3811 et
1006 3755 1099 3843 extra
1124 3763 1204 3809 nos:
1233 3739 1268 3805 in

10 3866 105 3947 obis,
139 3879 177 3943 ut
202 3867 311 3935 virtus
335 3879 367 3936 et
389 3846 574 3948 beatitudo,
601 3879 695 3937 extra
719 3889 781 3937 nos
804 3877 842 3936 ut
866 3889 1043 3935 summurn
1068 3866 1220 3945 bonum,
1247 3886 1268 3931 a

10 4004 62 4061 uo
86 4004 119 4061 ct
143 3991 185 4060 ad
210 3972 304 4077 quod
335 3991 452 4060 omnia
474 3992 564 4060 bona
595 3993 821 4072 ordinantur,
849 3991 978 4061 scilicet
1011 3990 1123 4080 prima
1146 4011 1262 4059 causa,

10 4138 125 4186 onum
151 4128 268 4185 autem
294 4114 373 4183 linis
397 4116 432 4182 in
464 4116 562 4185 nobis
586 4117 677 4203 quod
706 4127 757 4186 est
780 4116 900 4197 virtus,
928 4114 1093 4184 dividitur
1114 4136 1178 4203 per
1201 4113 1270 4181 vir-

10 4250 101 4311 rtem
134 4237 457 4311 consuetudinalem
500 4252 531 4309 ct
566 4240 852 4322 intellectualem;
893 4237 1188 4310 consuetudinalis
1219 4248 1271 4306 est

10 4388 82 4453 ‚uae
105 4363 265 4458 provenit
287 4384 328 4433 ex
345 4375 481 4434 assueto
496 4387 565 4434 usu
588 4366 718 4435 bonum
748 4365 926 4457 operandi,
952 4375 985 4433 et
1009 4363 1089 4432 inde
1115 4361 1269 4431 dicimur
