3022 4844
723 250 926 321 -3'20-

177 401 286 462 Gneus
326 398 376 460 VI.
399 395 527 467 Quatunr
540 394 696 470 specimina
710 396 893 467 variantium,
907 413 957 455 seu
972 396 1186 455 convenientiae
1200 401 1233 455 et
1246 395 1364 459 discon-

437 478 598 535 venientiae
618 477 688 535 editi
709 477 804 548 operte
825 478 861 535 dc
882 474 1147 536 illuminationibus
1164 476 1317 540 Ecclesiae
1330 479 1364 540 in

437 556 638 616 lleaaemenon
659 572 723 615 cnm
743 571 810 613 mss.
826 555 979 616 codicibus
993 556 1110 615 conlati.
1133 554 1271 626 Quiutnm
1298 575 1364 633 spe·

440 636 531 693 cimen
553 635 684 704 additur,
707 634 736 692 in
757 649 813 707 qno
840 635 987 694 variantes
1013 649 1081 706 mss,
1112 634 1290 695 adhibentur
1319 636 1361 699 ah

438 716 500 787 ejus
520 715 673 773 editionem
688 713 886 786 castigandam
968 755 976 772 .
1060 755 1068 772 .
1151 755 1159 772 .
1246 759 1254 775 .
1285 734 1363 793 pap.
1406 718 1461 779 teo

220 823 236 848 «
315 794 376 854 vll.
399 793 546 867 Specimen
567 795 764 867 quaestionum
783 792 864 875 qil&
882 792 1003 854 detectis
1023 809 1092 854 mss.
1126 793 1276 854 codicibus
1299 812 1366 873 per·

439 878 525 946 petuo
544 875 692 931 solvuntur
1345 900 1364 928 2
1405 874 1461 935 172

219 980 236 1005 «
298 953 375 1013 VIII.
399 952 494 1026 Opera
513 953 656 1024 quaedam
676 947 778 1011 mutila
799 950 898 1011 Sancti
918 950 1146 1025 nonantulanae,
1158 968 1234 1025 quae
1253 955 1361 1017 inven-
1486 1016 1495 1023 ,

438 1034 475 1090 tis
497 1031 698 1105 manuscriptis
717 1029 865 1091 codichus
885 1031 1064 1104 complentur
1154 1073 1162 1090 .
1248 1075 1255 1090 .
1344 1060 1362 1087 ι»
1402 1033 1457 1093 187

221 1138 237 1165 ‹
324 1111 376 1170 IX.
400 1111 543 1180 Lucanae,
564 1111 668 1169 menda
688 1115 717 1168 et
737 1110 881 1169 sanantes
909 1109 1051 1169 editorum
1078 1107 1364 1173 commentariorum

438 1190 469 1251 S.
491 1189 709 1271 Bonanenturae
730 1190 758 1246 in
781 1190 973 1250 Ecclesiasten
994 1198 1024 1249 et
1044 1191 1073 1248 in
1103 1189 1209 1250 Libros
1238 1189 1363 1253 Senten-

439 1271 543 1327 tiarum
1346 1299 1364 1324 2
1405 1270 1461 1331 200

219 1373 235 1402 s
334 1349 372 1407 X.
397 1348 533 1420 QuaestIo
554 1347 582 1407 S.
605 1349 823 1406 Beneventurne
844 1349 991 1420 proposita
1011 1363 1029 1406 a
1050 1347 1080 1409 S.
1103 1349 1251 1409 Ludcvico
1266 1348 1363 1411 Fran·

437 1444 535 1487 corum
550 1445 626 1502 rege.
642 1426 764 1486 Schema
778 1431 918 1486 sermonis
939 1427 1059 1488 Parisiis
1072 1427 1176 1501 habiti,
1196 1428 1233 1489 de
1255 1431 1362 1505 viginti

439 1513 503 1566 octo
526 1505 706 1565 mimbilibus
727 1520 801 1578 quae
821 1505 850 1564 in
872 1507 917 1566 Ss.
941 1507 1128 1567 Sacramenta
1148 1507 1359 1570 Eucharistiae

106 1596 144 1673 q
439 1587 623 1645 continentur
1347 1614 1372 1642 »·
1409 1592 1464 1649 210

221 1690 237 1717 α
326 1665 379 1724 XI.
391 1665 432 1726 ·S.
457 1664 677 1725 Bonaventurae
690 1667 847 1726 anecdotae
860 1667 1041 1740 quaestiones
1054 1665 1227 1739 disputatae,
1246 1683 1287 1727 ex
1302 1668 1368 1743 qni·

437 1743 490 1803 bus
511 1760 546 1803 es
566 1743 661 1815 datur,
684 1761 740 1804 non
762 1748 888 1820 integra,
902 1760 973 1819 qnae
990 1745 1027 1805 de
1042 1745 1126 1805 modo
1152 1752 1182 1805 et
1195 1747 1371 1815 rationibus

439 1823 626 1898 cognoscendi
647 1827 709 1898 agit
784 1868 791 1884 .
875 1869 881 1884 .
950 1868 974 1890 ,.
1058 1869 1066 1884 .
1152 1868 1158 1882 .
1214 1870 1256 1884 ..
1346 1846 1368 1883 a·
1410 1828 1464 1887 222

637 2070 765 2135 PARS
812 2070 1004 2136 TERTIA

786 2253 847 2296 seu

218 2402 398 2467 catalogus
425 2397 737 2467 manuscriptorum
760 2413 903 2468 opetum
930 2401 1109 2467 hucusque
1138 2398 1364 2458 inventorum

218 2529 308 2585 quae
336 2529 458 2572 nomon
488 2514 688 2583 praeierunt
716 2517 748 2571 s.
771 2499 1041 2584 Beneuenturae,
1063 2529 1175 2584 neque
1197 2518 1268 2574 sub
1289 2518 1364 2588 ejus

221 2630 357 2690 nomine
377 2632 543 2689 haetenus
560 2630 652 2688 edita
670 2631 821 2700 fuerunt,
851 2630 921 2687 aive
942 2630 1004 2686 illa
1026 2629 1096 2686 sint
1118 2634 1226 2700 carta,
1256 2633 1371 2693 dubia

217 2747 417 2817 anteparta,
433 2747 492 2805 nel
513 2742 615 2803 etlam
630 2745 777 2802 aliorum
790 2745 1003 2802 subnomiue
1016 2744 1182 2814 Impresea
1240 2787 1249 2803 .
1292 2763 1367 2824 pap.
1409 2750 1464 2807 217

660 2957 979 2974 W

583 3245 701 3285 ERRA'I'A
933 3244 1062 3285 commota

418 3354 471 3403 Peg.
512 3355 532 3398 2,
545 3353 587 3392 lin.
602 3353 627 3392 ll
641 3354 831 3402 sapientissimus
878 3353 1061 3402 sapientissimis

446 3445 456 3465 ,
498 3417 530 3461 26,
558 3445 568 3465 ,,
598 3417 624 3455 25
639 3425 675 3456 an.
691 3417 744 3456 1618
877 3424 915 3456 an.
931 3416 985 3456 1668

367 3474 370 3481 “
446 3507 457 3527 ,,
500 3478 531 3523 lli,
559 3506 569 3527 „
598 3479 624 3518 36
638 3478 716 3518 fumus
726 3478 797 3518 alicui
877 3477 956 3518 ineius
971 3477 1034 3518 dicta
1048 3476 1120 3518 alicui

447 3569 457 3589 „
486 3540 531 3584 106,
559 3568 569 3589 ,
598 3541 624 3579 19
638 3540 797 3582 sennonensis
878 3539 1022 3581 senonensis

447 3636 457 3656 „
487 3607 532 3653 124,
560 3634 571 3655 ‚
600 3607 626 3647 22
641 3607 756 3649 Semnonte
877 3606 977 3648 senonia

447 3696 458 3717 ,,
487 3669 533 3713 lla,
560 3696 570 3717 ,,
599 3668 625 3709 11
640 3678 746 3719 unquam
879 3677 1009 3718 numquam

448 3759 458 3779 „
487 3731 533 3776 220,
560 3759 571 3781 ,,
600 3731 626 3771 16
640 3731 812 3772 collationibus
879 3729 1059 3772 collectionibus

638 4338 725 4375 aretenta
742 4337 844 4376 recollata
857 4338 1003 4392 eclesiastica.
