3022 4844
189 268 210 305 ι
573 285 615 296 -
643 250 699 341 tsi
730 283 774 294 -

207 377 259 458 est
287 387 416 477 duplex
430 386 534 457 homo
557 386 593 454 in
619 386 730 484 nobie,
758 385 889 455 seilicet
904 386 1009 456 homo
1033 386 1176 457 interior
1199 401 1231 459 et
1254 411 1312 458 ex-

208 513 323 593 terior,
340 512 405 580 hoc
418 522 469 581 est
483 488 611 601 duplex
625 520 786 601 aspectus
809 511 846 579 in
870 511 986 580 anima
1003 499 1178 593 rationali;
1199 513 1311 603 primo

136 710 139 715 ,
206 646 348 727 aspectu
371 635 479 705 fertur
501 636 605 705 bomo
628 635 665 703 in
699 623 877 704 sensibilia
910 628 1129 727 sensibiliter,
1159 635 1311 706 secundo

209 770 351 850 aspectu
374 758 482 829 fertur
504 760 541 828 in
564 758 811 828 intellectualia
840 734 1110 840 rationabiliter}
1137 759 1184 828 ita
1207 759 1311 829 habet

206 884 312 954 homo
335 883 511 974 duplicem
536 905 720 953 sensum...
751 906 769 950 »
891 909 894 914 ·

106 1008 321 1098 «Incipiunt
334 1030 510 1078 sermones
524 1007 639 1077 fratris
650 1007 961 1077 Bonaventuraede¹
974 1018 1105 1098 septem
1115 1007 1216 1077 donis
1233 1006 1310 1097 Spi-

198 1125 297 1203 ritus
313 1133 435 1203 sancti.
451 1138 637 1202 Hortamur
659 1157 726 1214 voa,
751 1156 812 1202 ne.
829 1186 860 1202 ..
895 1135 1026 1222 Diffusa
1053 1143 1101 1202 est
1123 1135 1258 1222 pratia.
1276 1187 1305 1202 ..

207 1257 359 1326 Verbum
383 1255 535 1327 secundo
559 1257 775 1348 propositum
791 1255 953 1347 dirigitur
976 1256 1019 1326 ad
1045 1256 1230 1326 Dominum
1248 1279 1310 1326 no-

173 1413 181 1425 ·
207 1360 319 1450 strum
342 1386 462 1451 Jesum
487 1380 659 1450 Christum
673 1436 817 1449 .......
847 1404 865 1448 »

102 1528 123 1572 «
153 1510 275 1575 Sermo
297 1511 555 1575 Bonaventurae
583 1505 626 1573 de
658 1504 750 1575 dono
781 1503 1098 1595 timoris'jbomini.
1125 1544 1170 1554 -
1197 1505 1309 1573 Venite

206 1632 284 1720 filii,
304 1631 420 1699 cudite
443 1653 495 1699 nte
507 1685 608 1698 .....
634 1631 727 1698 Audi
749 1641 880 1698 tacens.
898 1685 904 1697 .
922 1683 952 1697 ..
979 1629 1128 1698 Verbum
1143 1598 1308 1698 ultimum
1357 1648 1361 1653 ·

208 1744 372 1824 scribitur
394 1755 431 1823 in
455 1738 704 1833 Ecclesiastico,
731 1753 769 1821 in
792 1776 861 1840 quo
886 1752 1044 1842 sapiens.
1061 1806 1111 1820 ...
1141 1775 1159 1818 n
1199 1771 1203 1779 ·

101 1898 122 1942 «
153 1877 275 1943 Sermo
306 1873 421 1943 fratris
453 1873 736 1943 Bonael'ortunae.
765 1913 810 1922 —
844 1875 1009 1963 Purpabr't
1034 1874 1123 1962 filios
1152 1875 1241 1954 Levi,
1280 1884 1313 1942 et

208 2000 332 2067 colabit
355 2021 408 2067 eos
418 2052 518 2066 .....
544 1999 813 2066 abominationes
835 2008 914 2065 sunt
931 1999 1065 2066 Domino
1090 1999 1307 2088 capitationes

206 2125 320 2191 malae
333 2177 354 2190 ..
371 2177 401 2190 ..
429 2127 553 2190 Tantae
569 2120 731 2212 puritatis
754 2132 805 2191 est
827 2127 917 2190 Deus
933 2121 990 2190 cui
1008 2121 1188 2203 servimus
1206 2142 1311 2208 quem

209 2245 397 2315 adoramus
421 2257 453 2315 et
476 2245 624 2315 colimus
633 2300 736 2314 .....
765 2269 784 2312 u
1089 2238 1092 2244 ’

97 2396 119 2439 «
134 2452 137 2457 Ι
152 2369 309 2440 Collatio.
335 2411 380 2420 -
402 2372 567 2460 Purpobr't
588 2372 677 2460 filios
700 2372 780 2439 Levi
791 2425 797 2437 .
815 2424 821 2438 .
839 2425 868 2438 ..
899 2371 1042 2460 Inspice,
1060 2380 1092 2438 et
1113 2370 1170 2457 lac
1193 2392 1312 2439 secun·
1376 2352 1379 2359 ¹

208 2496 289 2565 dum
317 2497 515 2586 earernplar.
534 2550 540 2561 .
558 2549 564 2563 .
579 2510 612 2563 ’..
644 2494 826 2584 Exemplar
850 2494 954 2562 hodie
968 2494 1068 2562 nobis
1094 2494 1309 2584 propositum
1381 2518 1384 2523 ·

208 2628 261 2687 est
283 2618 384 2709 Virgo
408 2617 575 2709 gloriosa:
612 2618 688 2709 ipsa
718 2628 769 2688 est
802 2640 913 2699 mons,
940 2618 1075 2704 dequo
1107 2616 1234 2687 dicitur
1271 2616 1308 2685 in

210 2741 439 2811 Daniele...
468 2765 487 2808 »

96 2894 114 2938 a
151 2871 277 2937 Sermo
300 2871 556 2935 Bonaventurae
580 2865 622 2935 de
645 2865 950 2955 dono'pietatis—
959 2870 1088 2935 Emeree
1108 2863 1311 2956 teipsumfaol
1409 2930 1413 2937 .

203 2992 410 3081 pietatem...
424 2990 535 3059 Verba
557 2990 717 3059 istasunt
739 2990 775 3057 in
800 2989 913 3080 prima
931 2989 1076 3080 epistola
1100 2989 1144 3057 ad
1157 2989 1305 3056 Tim...»

96 3143 115 3187 a
153 3119 278 3186 Sermo
310 3112 426 3183 fratris
448 3119 561 3207 Bonae
582 3113 749 3199 ,fortunae
774 3112 817 3182 de
841 3113 931 3183 dono
956 3113 1130 3183 scientiae.
1157 3152 1202 3161 -
1224 3119 1312 3182 Deus

209 3240 272 3329 qui
295 3239 450 3306 dimitite
476 3239 618 3307 tenebris
648 3212 767 3306 tuanen*
792 3239 1040 3327 splendescere.
1058 3292 1064 3305 .
1081 3292 1111 3306 ..
1151 3239 1217 3320 Qut
1239 3260 1311 3306 cor-

207 3363 292 3453 ripit
314 3371 447 3452 pentes.
463 3417 470 3430 .
561 3361 657 3444 Quod
689 3383 840 3451 magnus
873 3360 1054 3430 doctor...
1073 3416 1079 3429 .
1108 3383 1126 3427 »

96 3517 113 3561 a
151 3493 277 3559 Sermo
300 3485 415 3555 fratris
438 3491 550 3555 Bonae
573 3476 729 3554 fortunae
753 3485 796 3554 de
827 3485 918 3553 dono
934 3484 1160 3554 fortitudinis.
1176 3488 1222 3534 —'
1237 3490 1311 3553 Mu-

211 3614 327 3681 lierem
359 3612 478 3698 sortem
492 3666 499 3678 .
514 3666 520 3678 .
537 3665 567 3680 ..
599 3612 699 3678 aierit>
717 3612 822 3678 turris
852 3611 961 3678 natata
990 3613 1117 3678 collum
1148 3621 1244 3678 tuum
1259 3665 1265 3676 .
1280 3664 1308 3676 ..

209 3735 360 3804 Verbum
388 3734 551 3803 ultimum
583 3734 747 3803 scribitur
771 3734 808 3801 in
835 3733 974 3802 Cantica
1002 3733 1220 3802 Canticor...
1250 3756 1286 3819 »-

96 3891 114 3934 a
150 3867 276 3937 Sermo
300 3859 415 3929 fratris
439 3865 551 3928 Bonae
580 3858 746 3937 fortunae
760 3858 803 3925 de
826 3857 917 3926 dono
941 3856 1164 3926 fortitudinis.
1182 3897 1226 3906 -
1240 3862 1313 3925 Mu-

210 3986 328 4052 tierem
359 3986 480 4072 fortem
517 3978 592 4073 quis
623 3984 792 4050 incantet.
910 3985 977 4049 Oro
1007 4004 1072 4071 pro
1108 3982 1200 4049 nobis
1231 3981 1314 4070 quin

208 4109 335 4176 mulier
356 4116 475 4176 sancto
498 4128 543 4175 es.
575 4106 724 4174 Verbum
751 4104 916 4174 ultimum
943 4103 1008 4172 luit
1031 4103 1175 4172 verbum
1199 4126 1312 4173 sacer-

210 4231 332 4301 dotum
360 4231 403 4299 ad
427 4229 594 4300 iudith..
612 4284 643 4298 ..
669 4210 731 4299 »5³⁷²

99 4384 122 4429 «
154 4363 279 4429 Sermo
302 4354 346 4423 de
368 4354 460 4424 dono
483 4353 622 4424 consilii
644 4350 768 4423 *fratris
792 4358 904 4422 Bonae
928 4351 1097 4420 fortunae.
1124 4390 1169 4403 -—
