3022 4844
656 289 703 302 -
723 253 791 320 218
813 287 859 303 --

248 398 380 462 nn1n10
399 393 601 458 vnnlonna
979 389 1111 453 connx
1131 390 1154 452 ι

286 533 366 595 ntor.
390 535 439 604 ao,
462 533 519 591 aa.
544 533 571 587 1.

166 703 249 766 Unde
259 700 305 778 (1)
317 702 423 761 dicitnr
436 699 569 759 ordinata
582 696 721 765 collectio,
803 690 887 751 Unde
900 689 946 770 (2)
961 692 1066 751 dicitur
1084 693 1226 751 ordinata
1236 692 1333 751 collect

125 795 259 868 quoniam
273 792 348 848 siout
361 790 432 848 ordo
445 795 489 848 est
503 789 532 845 in
553 787 630 845 lineo
640 800 724 858 prae·
764 781 899 854 qnoniam
920 781 994 839 sicut
1007 780 1080 839 ordo
1095 786 1140 840 ost
1155 782 1187 839 in
1200 782 1280 839 linea
1293 797 1334 856 pra

125 878 307 941 dicamentali
322 877 476 936 secundnm
495 876 625 948 superins
639 872 726 931 etin·
768 867 952 927 dicamentali
966 868 1123 928 secundnm
1137 871 1275 942 superins
1289 868 1334 927 eti

125 968 214 1030 serice
227 968 260 1026 *r
281 967 353 1026 ordo
373 982 440 1024 vero
461 964 615 1039 tripliciter
628 967 724 1035 potest
764 955 854 1015 ferias
868 1000 875 1027 ‚
890 958 934 1017 cic
951 959 985 1016 ia
1005 957 1083 1018 linco
1106 958 1334 1034 comonyaioila

125 1059 227 1132 accipi,
251 1056 297 1116 vel
315 1055 353 1115 cd
374 1053 466 1114 illud.
480 1053 583 1112 ..ideo
603 1057 663 1111 tres
683 1050 723 1109 li·
764 1045 922 1105 &cundum
933 1047 1022 1119 prior
1034 1047 1233 1119 cooeterna
1249 1046 1290 1104 Et
1301 1062 1334 1117 qo

125 1162 230 1206 neae...
765 1135 846 1194 niam
867 1134 938 1195 ordo
966 1133 1123 1209 tripliciter
1147 1142 1245 1209 potest
1275 1135 1335 1206 accip

765 1225 810 1283 vel
831 1222 869 1283 ad
889 1223 993 1283 illud...
1015 1223 1081 1283 ideo
1101 1230 1167 1283 tren
1189 1224 1318 1282 lineae...

226 1332 306 1395 Dici.
329 1333 380 1402 42,
403 1333 461 1390 art.
484 1326 516 1403 2,
538 1340 565 1402 q.
590 1331 618 1387 1.

244 1419 295 1480 An
309 1420 441 1495 copootio
456 1417 556 1492 lopolia
569 1417 606 1478 ait

280 1508 399 1581 aliquod
412 1506 570 1566 vinculum.

327 1594 390 1672 (Ao
409 1594 528 1671 oppos.)

164 1767 198 1826 ln
212 1766 294 1825 nobis
308 1783 365 1824 non
380 1771 446 1824 sunt
459 1765 514 1823 nisi
529 1764 597 1840 dno,
612 1764 723 1825 scilicet
804 1763 837 1824 In
855 1764 938 1824 nohis
958 1780 1014 1824 non
1034 1771 1102 1824 eunt
1123 1767 1182 1824 nisi
1204 1767 1273 1841 dno,
1293 1766 1336 1827 ecil

127 1855 223 1915 anima
244 1863 273 1913 et
286 1870 408 1927 corpus;
431 1853 482 1911 sed
502 1869 538 1912 ex
558 1860 642 1926 parto
663 1857 723 1912 ani·
764 1861 810 1912 cet
832 1855 927 1912 anima
948 1859 977 1913 et
997 1868 1121 1927 corpns;
1145 1855 1199 1914 aed
1231 1874 1268 1916 ex
1291 1875 1336 1932 par

124 1961 189 2003 mcc
216 1948 348 2017 cognatio
375 1943 553 2015 spiritualis,
581 1960 617 2000 ex
640 1951 724 2015 parte
765 1942 878 2000 atrimae
891 1946 1023 2016 cognatio
1043 1944 1223 2018 spiritualia,
1241 1962 1335 2020 expar

124 2035 252 2105 corporis
266 2031 399 2105 cognatio
414 2032 537 2090 carnalis
551 2031 567 2066 *
580 2032 721 2090 contrahi·
762 2032 891 2102 corporis
905 2033 1036 2103 cognatio
1058 2034 1208 2104 carnalis3
1232 2052 1299 2109 erqo
1318 2052 1336 2093 o:

124 2125 181 2179 tur.
195 2121 267 2181 Item
283 2120 450 2194 cognatio...
757 2119 866 2201 'tepolis
885 2136 945 2178 lton
966 2119 1065 2198 differt
1087 2122 1127 2180 ab
1151 2123 1232 2196 istis,
1254 2128 1304 2183 act
1320 2140 1336 2182 s.

759 2207 888 2282 perlicit.
902 2208 974 2266 Item
988 2211 1162 2281 cognatio...

233 2306 311 2365 Dist.
334 2309 385 2380 48,
407 2310 466 2367 ari.
489 2310 517 2378 2,
536 2326 563 2382 q.
589 2313 615 2366 1.

134 2390 184 2452 Art
199 2409 324 2467 corporo
338 2396 467 2455 coelestio
483 2397 711 2470 postjadieiom

286 2485 559 2544 remunerabuntur.

325 2570 388 2646 (Aa
401 2574 520 2651 oppos.)

161 2739 284 2799 Ratione
297 2742 431 2816 videtur,
456 2743 522 2816 qnia
543 2745 615 2804 nihil
636 2763 719 2820 prae·
801 2748 923 2807 Ratione
937 2748 1070 2822 videtur,
1100 2755 1176 2826 qnia
1198 2758 1271 2817 nihil
1290 2775 1338 2832 pro

121 2827 256 2887 mictnr‘*
276 2831 330 2887 nisi
352 2831 428 2903 qnod
448 2834 608 2893 voluntarie
621 2838 718 2909 servit,
761 2838 899 2896 relabitur
912 2838 971 2897 nisi
984 2839 1224 2920 praecaveretur,
1241 2847 1338 2909 nilotici

121 2923 151 2976 et
164 2917 234 2976 nihil
251 2921 412 2980 voluntarie
432 2922 558 2982 servit...
758 2928 839 2985 retur
852 2927 906 2984 nisi
921 2926 998 2998 qnod
1019 2929 1322 3012 epicoenomena,

761 3012 832 3072 nihil
845 3014 1006 3074 voluntarie
1019 3020 1153 3084 servit..

156 3121 206 3172 (1-2)
220 3122 264 3164 mo
279 3123 326 3166 loci
339 3125 369 3166 ad
383 3135 480 3168 sensnm
494 3128 673 3178 percipiendum
687 3135 758 3178 adde:
771 3137 830 3178 um
844 3138 1051 3190 concamium.
