3022 4844
705 247 905 308 —t56-

158 406 224 450 non
243 388 467 471 pervenerunt
490 383 532 448 ad
556 404 714 468 magnum
738 383 856 466 Deum,
883 382 962 470 quia
985 382 1077 448 Deus
1102 380 1208 466 elegit
1231 380 1345 446 humiles

158 513 268 575 totum
302 508 370 572 Deo
405 505 639 572 attribuerent.
674 505 768 571 Talis
805 505 874 571 fuit
907 504 1026 571 beatus
1061 505 1261 592 Stephanus,
1289 510 1316 570 et
1337 502 1358 568 id

160 653 282 718 magna
305 636 462 717 operatus
487 635 558 694 est:
584 618 672 694 unde
691 616 848 715 signatur
876 630 912 694 in
935 629 1172 695 Ecclesiastico
1195 650 1254 715 per
1272 626 1358 693 Elison

158 758 199 821 de
235 778 298 843 quo
333 753 457 819 dicitur
489 753 556 839 (1):
592 752 633 817 In
676 753 745 820 vita
778 774 841 817 sua
874 752 956 819 fecit
986 757 1155 836 monstra,
1193 757 1227 817 et
1258 751 1288 816 in
1317 770 1358 815 mo

116 968 129 973 .,
158 879 328 945 mirabilia
357 882 513 964 operatus
542 881 605 942 est.
648 877 705 942 Ad
736 877 927 943 memoriam
950 876 1041 942 beati
1075 876 1240 963 Stephani
1267 897 1312 941 sex
1331 893 1358 938 m

159 991 211 1069 tui
234 1008 315 1068 sunt
337 999 541 1083 resuscitati,
563 1004 697 1086 praeter
720 1022 801 1086 quos
820 1000 855 1064 in
877 1000 945 1067 vita
964 1021 1026 1065 sua
1048 998 1240 1066 suscitavit.
1263 999 1298 1064 In
1316 1003 1358 1062 tn

160 1126 286 1191 latione
318 1147 378 1189 sua
402 1123 523 1190 ultima
556 1123 696 1211 legitur,
723 1123 810 1210 quod
839 1122 1045 1188 Theodosius
1075 1123 1256 1211 imperator
1280 1139 1358 1187 roman

161 1248 281 1314 habuit
311 1247 416 1313 filiam
447 1268 631 1333 possessam
664 1268 685 1311 a
719 1246 887 1330 daemone,
921 1246 976 1334 qui
1011 1245 1110 1330 dixit,
1145 1246 1232 1334 quod
1261 1262 1358 1329 nunqu

161 1372 277 1456 exiret,
303 1371 369 1436 nisi
392 1392 451 1457 per
476 1370 612 1436 beatum
639 1360 858 1456 Stephanum,
880 1369 937 1457 qui
955 1370 1024 1435 fuit
1047 1369 1083 1433 in
1110 1369 1249 1435 civitate
1275 1367 1358 1434 Consti

105 1472 108 1479 Ι
160 1493 319 1581 tinopoli:
352 1500 387 1560 et
421 1493 580 1558 dixerunt
610 1493 675 1576 illi,
713 1493 799 1580 quod
832 1498 992 1579 ponerent
1021 1491 1169 1579 puellam
1205 1492 1240 1556 in
1268 1488 1340 1555 navi.

161 1614 249 1680 dixit
267 1612 422 1679 daemon:
449 1613 585 1680 Faciam
604 1613 788 1700 periclitari
812 1635 942 1679 navem.
974 1614 1068 1681 Tunc
1095 1612 1153 1677 illi
1179 1612 1358 1694 timentesp

163 1737 275 1803 culum
310 1759 375 1801 non
398 1734 567 1802 audebant
590 1736 695 1819 ipsam
714 1758 835 1823 ponere
858 1735 893 1801 in
917 1737 1011 1821 navi3
1047 1740 1083 1802 et
1113 1741 1196 1801 tunc
1220 1733 1307 1800 misit
1329 1731 1358 1795 in

161 1868 254 1927 rator
277 1859 319 1924 ad
342 1859 566 1946 patriarcham
590 1858 1010 1946 Constantinopolitanum,
1049 1880 1175 1944 rogans
1211 1866 1251 1924 ut
1282 1856 1358 1921 daret

144 1995 279 2069 'corpus
309 1981 400 2047 beati
435 1981 608 2068 Stephani.
637 1983 704 2062 Qui
736 1984 924 2068 respondit:
961 1981 1135 2065 Libenter,
1163 1978 1358 2046 dummodo]

162 2105 252 2172 datis
274 2105 369 2170 nobis
392 2127 509 2192 corpus
533 2105 622 2171 beati
646 2107 843 2190 Laurentii,
869 2112 904 2170 et
927 2111 1009 2171 tunc
1031 2104 1231 2191 impetravit
1263 2104 1358 2189 imper

161 2252 182 2295 a
214 2231 315 2316 Papa,
354 2234 394 2295 ut
427 2251 485 2315 pro
520 2252 653 2316 corpore
682 2229 772 2294 boati
803 2229 965 2316 Stephani
995 2229 1174 2295 redderent
1205 2249 1319 2315 corpus
1337 2226 1358 2290 b

161 2351 350 2419 Laurentii.
376 2351 519 2417 Etcum
542 2359 753 2439 apportatum
785 2359 836 2418 est
864 2375 981 2440 corpus
1010 2352 1099 2417 beati
1126 2351 1301 2439 Stephani,
1325 2372 1358 2413 vo

161 2483 244 2544 runt
269 2476 378 2562 ipsum
406 2497 526 2561 ponere
556 2476 591 2540 in
621 2477 769 2542 tumbam
802 2476 892 2543 beati
928 2474 1115 2543 Laurentii.
1148 2477 1197 2542 Et
1228 2476 1311 2542 dixit
1331 2474 1358 2540 P*

163 2601 249 2690 quod
279 2623 345 2665 non
378 2606 516 2687 poneret
546 2623 679 2666 manum
707 2601 741 2665 in
770 2601 964 2669 removendo
994 2623 1112 2688 corpus
1136 2601 1230 2666 beati
1252 2601 1358 2666 Lause:

162 2725 220 2791 scd
247 2725 334 2814 quod
364 2725 429 2814 ipsi
461 2724 652 2791 accederent
685 2729 720 2789 et
752 2728 922 2789 sumerent
951 2745 1081 2810 corpus.
1115 2723 1201 2789 Cum
1234 2722 1358 2811 spernis

160 2843 384 2931 sepulchrum,
412 2850 447 2910 et
469 2842 598 2910 vellent
620 2846 767 2929 accipere
789 2865 906 2929 corpus
930 2842 1021 2908 beati
1044 2842 1239 2928 Laurentii,
1264 2841 1342 2907 facti

162 2989 274 3033 omnes
297 2967 396 3035 coeci.
423 2967 517 3033 Tunc
539 2966 691 3033 fecerunt
714 2971 830 3032 votum
856 2966 953 3032 beato
984 2965 1181 3050 Laurentio,
1209 2965 1299 3054 quod
1326 2986 1358 3031 co

161 3090 235 3178 ejus
246 3114 311 3158 mon
325 3096 543 3174 removerent,
570 3095 605 3156 et
634 3090 787 3157 redditus
810 3095 861 3157 est
884 3090 931 3156 eis
947 3089 1051 3155 visus.
1072 3090 1194 3156 Postea
1218 3113 1294 3157 oum
1317 3088 1358 3156 vel

161 3236 282 3301 ponere
309 3235 427 3300 corpus
451 3211 540 3279 beati
565 3213 728 3301 Stephani
751 3214 852 3289 intra,
879 3235 998 3300 corpus
1020 3211 1112 3277 beati
1142 3213 1324 3280 Laurentii
1344 3235 1358 3277 s

161 3337 218 3422 sit,
244 3341 280 3402 et
302 3336 396 3402 dedit
418 3336 526 3402 locum
550 3335 645 3402 beato
669 3336 849 3424 Stephano.
865 3337 950 3403 Fuit
973 3335 1082 3422 igitur
1105 3336 1275 3402 mirabilis
1290 3337 1358 3403 virt

252 3458 401 3526 Secundo
424 3460 493 3526 fuit
516 3460 680 3526 mirabilis
703 3459 869 3526 veritatis.
895 3459 961 3525 ille
986 3465 1098 3525 autem
1121 3463 1175 3525 est
1198 3460 1358 3527 mirabilis

162 3581 288 3668 ritatis,
326 3582 362 3647 in
396 3582 493 3670 eujus
527 3605 623 3670 opere
657 3582 757 3648 simul
792 3587 993 3649 concurrunt
1022 3580 1163 3647 claritas
1189 3583 1358 3671 exempli<

163 3701 274 3786 rioris,
301 3707 337 3767 et
371 3700 569 3788 simplicitas
603 3701 690 3768 oculi
724 3700 906 3768 interioris.
942 3701 1032 3789 Opus
1064 3699 1154 3765 enim
1189 3704 1358 3787 veritatis,

163 3845 247 3910 opus
278 3823 460 3892 claritatis.
494 3825 591 3891 Unde
623 3824 658 3889 in
689 3825 789 3892 Joan.
830 3826 897 3910 (2);
934 3823 1002 3906 Qui
1036 3823 1123 3889 male
1162 3826 1260 3913 agit,
1298 3827 1358 3894 odit

192 4118 220 4166 (lt
235 4119 288 4167 cap.
303 4120 335 4165 48,
349 4130 371 4159 v.
386 4120 418 4160 15.
470 4120 472 4125 '

191 4197 220 4244 (2)
234 4197 287 4246 cap.
302 4199 321 4243 3,
335 4208 358 4239 v.
373 4200 405 4244 20.
419 4199 457 4242 21;
473 4199 540 4248 vulg.
565 4199 704 4238 Omm'eentm
720 4200 761 4246 qul
775 4200 837 4239 male
852 4200 907 4249 agit,
922 4200 972 4239 odit
985 4200 1071 4244 lucem,
1085 4204 1106 4238 et
1127 4210 1172 4239 non
1192 4203 1253 4241 venit
1266 4203 1297 4240 ad
1321 4203 1358 4241 lito

163 4287 207 4315 non
220 4281 345 4326 cremantur
364 4289 432 4327 opero
452 4279 506 4325 ejus.
522 4279 567 4325 Qut
582 4282 655 4318 aretem
664 4279 723 4327 facit
737 4281 865 4330 veritatem,
878 4279 946 4320 vonlt
969 4279 999 4319 ad
1018 4279 1103 4325 lucem,
1124 4279 1153 4318 ut
1172 4281 1358 4321 mmmestentur

162 4355 223 4404 ejus,
237 4356 289 4406 quia
303 4355 329 4394 tm
342 4358 390 4423 Ipso
405 4358 462 4396 sunt
476 4357 543 4396 tacta.
