3022 4844
690 273 888 338 -267-

241 417 297 481 20.
314 415 614 482 «Consrnurronns
631 433 810 482 craumers
834 416 966 482 Oranus
987 417 1137 480 latranti
1162 417 1349 481 uncini.»
1368 417 1424 480 ln-

138 536 244 627 cipit:
266 558 284 601 «
301 536 481 621 Quoniam,
509 546 547 605 ut
570 536 617 605 ait
638 536 780 628 Sapiens
791 536 855 627 (l),
872 537 933 607 ubi
958 559 1026 605 non
1043 547 1094 606 est
1109 558 1217 626 sepes
1237 535 1420 626 diripietur

140 660 335 754 possessio,
364 661 596 730 necessarium
609 672 660 730 est
679 642 871 731 volentibus
895 661 1031 731 coelesti
1056 661 1153 752 regni
1171 660 1422 751 possessionem

141 785 386 878 praeclaram,
412 785 446 854 in
471 807 575 871 quam
601 786 844 876 perspiritum
870 785 1081 876 paupertatis
1113 785 1282 865 intratur,
1310 797 1424 854 custo-

139 910 225 980 dire
250 909 424 990 illaesam,
451 932 566 1001 sepem
591 910 642 978 illi
667 911 883 979 circumdare
907 910 1152 1001 disciplinae...
1184 933 1202 975 a

242 1035 371 1104 Desinit
391 1034 543 1104 rubrica
577 1040 617 1104 ta
650 1035 704 1103 his
739 1036 871 1105 verbis:
905 1035 1069 1105 «Obitus
1093 1034 1224 1103 domini
1252 1039 1417 1102 lnnocen-

146 1161 192 1230 tii
218 1165 271 1242 lv,
298 1159 443 1250 septimo
467 1159 547 1228 idus
571 1159 763 1229 decembris
799 1158 1002 1231 celebratur.
1041 1165 1080 1227 Et
1111 1160 1146 1226 iu
1171 1158 1331 1239 crastino,
1359 1158 1423 1227 do-

148 1285 243 1355 miui
268 1285 432 1376 Stephani
455 1284 657 1355 cardinatis.
757 1310 760 1315 ·

243 1434 261 1477 a
280 1415 477 1498 Sequuntur
492 1409 660 1496 quaedam
684 1409 901 1480 definitiones
925 1410 1033 1480 sactae
1050 1410 1084 1478 in
1106 1408 1257 1500 capitulo
1273 1407 1424 1498 generali

149 1532 351 1612 Narbonae,
377 1542 409 1599 et
444 1530 684 1621 responsiones
708 1528 750 1597 ad
784 1530 1053 1603 consultationes
1091 1529 1235 1598 fratrum
1268 1527 1423 1618 ejusdem

150 1657 347 1726 Ordinis.»

240 2034 297 2097 Ol.
328 2032 568 2095 «uictamne
592 2048 788 2104 ouoaunmn
813 2048 1034 2096 anricuroanu
1063 2051 1101 2095 nx
1127 2046 1424 2096 consrrrnrromnns

147 2173 404 2223 annuerimus»
422 2151 529 2241 lncip.
547 2155 606 2219 «In
621 2150 755 2241 primis,
781 2151 873 2220 circa
885 2150 972 2220 illud
988 2151 1079 2238 quod
1096 2151 1223 2220 dicitur
1244 2150 1279 2218 iu
1296 2150 1424 2218 consti-

108 2272 346 2381 ssztutionibus
370 2277 599 2367 generalibus
616 2276 708 2363 quod
734 2276 853 2346 nullus
877 2277 1073 2369 recipiatur,
1098 2277 1164 2346 nisi
1187 2276 1424 2368 expropriatus

102 2390 306 2484 lbmnino,
333 2402 520 2489 quaeritur,
547 2412 664 2471 utrum
688 2401 753 2470 lroc
777 2400 898 2472 debeat
932 2402 1075 2494 intelligi
1099 2401 1141 2471 de
1165 2402 1358 2492 receptione
1381 2398 1425 2470 ad
1449 2400 1452 2405 ’

136 2525 336 2602 Ordinem,
374 2523 444 2591 sive
467 2522 509 2591 ad
536 2521 795 2612 probationem,
831 2521 882 2590 vel
915 2521 956 2591 de
992 2522 1183 2612 receptione
1217 2520 1259 2591 ad
1294 2519 1424 2611 profes-

132 2651 329 2721 sionem...
358 2670 375 2712 »

239 3026 297 3089 22.
324 3025 477 3089 Errsrom
508 3043 550 3087 aa
574 3041 729 3089 nonianus
753 3024 787 3088 S.
814 3025 938 3087 tlnanan
961 3042 1001 3089 nr
1025 3024 1143 3088 baisio.
1176 3018 1315 3109 lncipit:
1349 3041 1366 3083 «
1384 3023 1423 3086 ln

130 3147 287 3220 Christo
309 3150 391 3213 Jesu
415 3142 554 3213 filiabus
577 3143 731 3224 dilectis,
758 3143 955 3213 abbatissae
988 3143 1207 3213 dominarum
1233 3165 1421 3233 pauperum

129 3274 185 3344 de
211 3267 339 3348 Asisio,
367 3266 560 3336 Monasterii
584 3271 616 3336 S.
644 3267 771 3348 Clarae,
797 3290 837 3336 ac
860 3266 1014 3357 ejusdem
1040 3267 1215 3336 sororibus
1239 3267 1420 3348 universis,

129 3397 257 3467 frater
279 3396 515 3460 Bonaventura
539 3389 676 3459 Ordinis
692 3391 861 3460 Minorum
886 3390 1042 3471 fratrum,
1061 3390 1234 3461 Generalis
1259 3390 1420 3473 Minister,

130 3532 174 3591 et
199 3536 350 3595 servus,
376 3513 522 3583 salutem
545 3524 638 3583 etc...
666 3514 864 3606 Intelligens
898 3538 1028 3606 nuper,
1055 3515 1197 3584 dilectae
1221 3515 1255 3583 in
1284 3516 1424 3584 Domino

135 3643 265 3720 filiae,
293 3661 354 3730 per
377 3637 596 3707 carissimum
629 3650 786 3733 nostrum
810 3639 948 3709 fratrem
976 3644 1140 3721 Leonem,
1166 3640 1340 3726 quondam
1372 3662 1425 3707 so-

132 3769 245 3839 cium
270 3763 382 3833 sancti
405 3761 525 3844 Patria,
544 3752 828 3861 quomodpbelut
852 3787 998 3855 sponsae
1022 3764 1112 3854 regis
1136 3764 1276 3845 aeterni,
1299 3763 1425 3833 servire

136 3891 284 3963 Christo
308 3886 453 3979 pauperi
477 3887 663 3968 crucifixo,
700 3886 737 3957 in
770 3890 865 3958 omni
891 3889 1037 3979 puritate
1070 3888 1257 3967 studeatis,
1285 3888 1425 3978 gavisus

138 4038 227 4087 sum
253 4015 291 4082 in
317 4012 460 4082 Domino
485 4011 743 4082 veliementer...
772 4038 789 4079 »
