3054 4838
690 228 886 292 -270-

154 390 327 437 srrnrroatr
369 390 439 435 vira
477 387 702 447 incussione,
744 390 781 434 nr
818 387 902 444 ouon
938 386 1060 437 cuncrn
1080 368 1188 437 :taen
1218 390 1261 435 cn
1291 389 1424 439 nononis

154 488 261 551 Itu.»
292 481 437 572 Incipit:
457 504 475 546 «
492 482 659 551 Transtixi
688 482 802 551 cordis
830 503 945 551 amore
974 480 1181 567 absorberi-3¹
1199 504 1271 575 qpo
1297 484 1421 555 dilatato

153 598 255 666 corde
285 597 328 665 ad
358 597 570 688 propositum
607 620 729 667 curras
765 608 954 678 certamen,
987 598 1127 695 nullius
1150 598 1337 691 ‘impeturn
1364 601 1419 671 for-

155 713 353 782 rnidantern.
387 712 558 803 Scripsisti
589 712 698 792 mihi,
733 712 1031 802 peramantissime
1059 714 1096 782 in
1136 696 1275 785 'Christo
1305 715 1415 799 frater,

74 904 83 925 ·
153 850 213 917 por
241 851 363 907 unum,
399 849 588 918 perquem
617 827 678 896 tihi
708 828 879 917 rescripsi,
913 851 933 897 a
964 851 1019 897 me
1049 830 1213 919 petivisti,
1247 831 1339 918 quod
1368 855 1415 902 ne

154 954 328 1029 quaquam
356 943 452 1032 potui
479 955 542 1012 ctc.
576 942 722 1011 Incaluit
750 943 866 1012 anirna
906 965 980 1012 rnea
1020 965 1081 1034 pro
1113 955 1169 1025 te,
1200 946 1324 1016 dilecte
1354 948 1411 1030 mi,

155 1059 293 1148 saepius
331 1057 425 1125 cordi
467 1078 543 1125 meo
583 1058 801 1127 affectuosius
842 1070 1061 1137 occurrente;
1085 1080 1173 1145 ‘quo
1215 1072 1285 1130 tarn
1328 1085 1410 1135 meo.

153 1194 258 1260 quam
299 1186 380 1253 tuo,
424 1172 783 1260 quantulumcumque
821 1173 1016 1244 satisfacere
1055 1176 1188 1265 possim
1228 1177 1408 1255 desiderio,

148 1289 283 1376 aliquid
314 1288 374 1357 tibi
405 1288 642 1367 rescribendo,
681 1288 773 1374 quod
813 1290 914 1359 ambo
951 1290 1122 1360 consolari
1159 1292 1270 1362 valcat
1300 1294 1333 1362 in
1360 1300 1411 1363 Do

155 1406 269 1484 rnino,
311 1403 359 1472 vei
399 1404 585 1472 ruodicurn.
630 1409 756 1473 Memor
797 1406 891 1475 enirn
932 1429 952 1474 a
992 1407 1137 1476 Domino
1180 1407 1243 1477 tibi
1285 1410 1410 1480 collatae

154 1522 303 1612 gratiae,
336 1533 406 1589 tam
434 1521 468 1588 in
498 1520 733 1601 naturalibus
764 1542 870 1608 quarn
900 1523 935 1589 In
962 1522 1142 1612 gratuitis,
1176 1547 1247 1611 qua
1275 1526 1360 1595 benc·
1379 1549 1412 1595 u·

154 1655 229 1711 tens
257 1653 294 1709 ut
325 1640 436 1709 fidelis
464 1652 496 1709 et
524 1641 677 1729 prudens
707 1663 835 1715 servus,
870 1642 1086 1712 cumulatum
1119 1644 1265 1714 uberius
1290 1645 1409 1715 Iucrurn

151 1758 279 1827 referre
307 1757 419 1848 possis
451 1757 645 1847 largitori...
675 1781 693 1824 n

242 1882 392 1951 Desinit:
420 1905 437 1947 «
464 1882 568 1969 Cujus
597 1882 645 1950 rei
661 1883 781 1972 gratia,
809 1905 928 1973 precor
943 1896 985 1965 te,
1010 1880 1338 1975 piissimc‚⁵aurenr
1365 1908 1407 1955 ac-

158 2008 339 2077 commoda
367 2019 399 2076 et
424 2030 483 2076 cor
497 2030 642 2099 appone,
661 2022 699 2077 ut
719 2031 798 2078 curn
814 2009 971 2078 ornniurn
994 2010 1073 2079 finis
1089 2011 1279 2095 advenerit,
1298 2025 1327 2082 te
1340 2012 1407 2081 rnihi

156 2132 389 2213 carissimum,
420 2132 510 2202 felici
535 2132 602 2203 Iine
628 2134 729 2224 potiri
752 2134 933 2223 gaudeant,
959 2157 1027 2220 quo
1046 2136 1121 2226 jam
1149 2158 1245 2206 nuno
1271 2138 1404 2207 inchoata
1437 2134 1439 2157 '

153 2256 278 2325 caritas
308 2258 341 2324 in
373 2269 577 2348 perpetuum
612 2258 829 2348 perficiatur,
869 2258 913 2327 ad
955 2259 1093 2329 laudern
1123 2272 1156 2329 et
1186 2263 1329 2353 gloriam
1359 2267 1402 2330 tto

153 2362 253 2453 mini,
284 2372 343 2457 qui
372 2385 422 2440 est
452 2394 555 2462 super
584 2374 700 2442 omnia
730 2373 937 2455 benedictus
960 2374 996 2443 in
1026 2376 1178 2445 saecula.
1207 2400 1225 2444 »
1258 2357 1261 2365 “

242 2741 295 2804 27.
315 2759 332 2800 <t
351 2740 512 2815 Ruscino,
532 2759 589 2804 sno
607 2759 747 2806 turritas
762 2758 957 2806 rnnocoorarr
972 2762 1105 2808 rnnrars
1130 2746 1242 2823 Bonan
1266 2762 1400 2812 vunrcnrr

155 2856 286 2920 Onuuus
311 2857 473 2933 Minoauu
500 2856 701 2934 Coruinius,
721 2858 824 2922 Errsc.
844 2857 1020 2924 ticinus.
1043 2879 1060 2921 >t
1087 2858 1237 2948 Incipit:
1269 2855 1400 2928 tonnis
1437 2914 1439 2927 .

155 2969 295 3037 scicntia
325 2978 388 3037 etc.
418 2992 434 3034 t>

244 3353 297 3414 28.
317 3370 334 3411 a
352 3346 476 3435 Incipit
493 3351 688 3427 Tnacrtrus,
706 3370 745 3415 on
758 3369 905 3425 ounruon
920 3370 1075 3418 ansuinus
1097 3373 1191 3420 viras
1220 3374 1401 3423 srrnrruaus.

158 3485 321 3530 arnnrnn
345 3467 452 3530 Bonan
475 3477 653 3533 Ivuurona.
682 3467 764 3531 Corn
789 3463 938 3550 quadarn
965 3465 1019 3533 die
1024 3520 1089 3533 .....
1121 3490 1139 3532 »

222 3833 295 3896 29.
316 3826 474 3916 «Incipit
499 3832 610 3896 Suana
634 3849 859 3898 ronnrrnnrntr
872 3822 1057 3899 'courosrra
1073 3853 1092 3897 a
1111 3853 1232 3902 nourno
1258 3839 1406 3903 Boniur-

155 3965 236 4010 runn
262 3947 445 4012 cincinni.
478 3965 495 4008 t)
523 3943 687 4034 Prologus
712 3944 851 4034 incipit:
880 3945 1090 4026 «Quoniam
1115 3946 1158 4014 ad
1186 3949 1407 4018 remissionem

155 4084 172 4126 «
199 4072 415 4152 peccatorum
421 4117 486 4130 .....
513 4068 636 4132 Auctor
659 4064 759 4135 istius
783 4064 896 4153 operis
917 4065 987 4133 sive
1010 4088 1115 4134 causa
1139 4066 1305 4163 efficiens,
1332 4054 1405 4154 duod

154 4199 172 4241 «
197 4178 287 4246 idern
312 4189 372 4259 est,
400 4178 463 4247 fuit
485 4179 627 4264 quidam
651 4179 702 4248 vir
734 4180 915 4269 religiosus
939 4193 971 4249 et
997 4204 1132 4252 surnrna
1164 4183 1339 4253 honestate
1367 4182 1407 4249 in-
