3022 4844
328 437 727 577 rotulando
768 438 845 576 lb
887 438 1192 578 LECTOREM

603 823 922 838 mm

168 2045 274 2127 Nihil
304 2056 347 2125 ut
374 2053 525 2126 certum
558 2042 796 2124 asseruimus
830 2044 872 2123 in
903 2043 976 2124 hac
1007 2044 1145 2148 opella,
1182 2045 1286 2149 quod
1319 2071 1400 2128 non

119 2187 271 2269 abunde
299 2187 496 2292 probaturi
526 2186 650 2267 simus
679 2188 719 2267 in
748 2211 846 2267 nova
877 2211 1040 2291 operum
1069 2188 1249 2269 omnium
1270 2190 1307 2270 S.
1324 2193 1399 2271 Bo·
1507 2268 1510 2275 .

117 2338 354 2410 narenturae
381 2327 562 2426 editione,
591 2337 629 2408 et
656 2327 697 2406 in
726 2327 849 2431 ipsius
890 2328 980 2409 Vita
1023 2329 1100 2410 illis
1142 2330 1396 2429 adnectenda,

117 2495 165 2554 ex
192 2470 240 2550 iis
267 2472 473 2577 quaejam
507 2469 734 2573 collegimus
777 2480 1057 2570 monumenta,
1101 2472 1148 2552 ad
1191 2473 1309 2554 fidem
1342 2473 1361 2551 l
1381 2517 1399 2533 ·

113 2612 295 2693 ciendam
323 2610 431 2693 anani
460 2612 681 2716 exceptione
710 2611 869 2715 majora.
889 2613 928 2691 Si
945 2636 1044 2716 quae
1073 2613 1285 2694 dubitando
1309 2639 1398 2719 pro·

113 2754 292 2854 tulimus,
321 2778 400 2835 non
430 2778 474 2833 ea
503 2777 656 2858 semper
683 2755 786 2859 apud
814 2776 886 2832 nos
915 2752 1044 2855 dubia,
1087 2753 1154 2833 sed
1183 2764 1250 2833 aut
1283 2757 1436 2857 longa,

117 2895 358 2976 discussione
385 2895 572 2997 indigent,
601 2920 676 2999 qua
707 2895 932 2998 probentur,
966 2918 1085 3000 quam
1113 2894 1235 2999 hujus
1276 2896 1395 2976 libelli

114 3035 266 3151 indoles
293 3061 374 3117 non
415 3038 642 3140 patiebatur,
687 3046 754 3116 aut
796 3035 871 3115 alia
913 3045 1113 3141 expectant
1154 3036 1411 3152 testimonia,

114 3178 258 3284 quibus
286 3178 412 3282 major
438 3178 515 3258 illis
547 3178 702 3259 accedat
728 3180 807 3277 lux,
829 3178 933 3258 unde
952 3179 1192 3282 gravioribus
1217 3202 1395 3258 momen-

115 3319 164 3399 tis
192 3328 237 3399 ut
264 3320 426 3401 certiora
454 3320 678 3423 prodantur.
721 3322 774 3399 Ea
803 3345 901 3425 quae
935 3320 981 3399 de
1015 3318 1142 3399 causis
1174 3327 1212 3398 et
1244 3318 1394 3400 ratione

114 3460 312 3541 absolutae
340 3460 521 3541 editionis
549 3461 814 3564 procurandae
842 3461 882 3539 in
911 3461 1082 3540 secundo
1111 3471 1148 3540 et
1181 3459 1292 3541 tertio
1330 3485 1393 3540 ca-

115 3601 238 3705 pitulo
267 3603 385 3705 partis
413 3604 560 3707 primae
589 3602 791 3701 tradimus,
820 3601 944 3681 abiis
974 3604 1268 3699 confirmantur,
1293 3627 1394 3707 quae
1492 3600 1497 3611 '

112 3741 153 3820 in
182 3744 351 3824 secunda
381 3754 418 3825 et
445 3743 555 3866 tertia
583 3753 690 3846 parte
719 3743 978 3826 continentur.

166 3885 264 3964 Cum
284 3884 441 3987 plurimi
456 3884 535 3964 sint
548 3886 615 3990 qui
631 3888 806 3987 graviora
822 3908 937 3989 opera
952 3885 991 3964 S.
1006 3884 1300 3964 Bonaventurae
1320 3907 1393 3964 nec
1481 3879 1485 3885 ’

112 4049 132 4103 a
161 4025 298 4104 limine
326 4025 588 4124 salutaverint,
629 4027 689 4106 vel
732 4036 882 4106 tantum
913 4025 1071 4131 aliquod
1105 4025 1190 4129 ejus
1223 4049 1391 4129 opuscu-

111 4167 195 4245 lum
225 4168 434 4245 asceticam
460 4168 635 4269 legerint,
665 4192 710 4247 ex
737 4168 786 4248 iis
814 4169 912 4248 sorte
940 4167 1007 4274 qui
1041 4167 1143 4247 inter
1174 4168 1305 4271 spuria
1344 4165 1391 4245 ab

108 4308 270 4388 eruditis
299 4309 529 4412 relegantur,
559 4334 603 4389 ac
631 4308 722 4390 inde
750 4310 972 4390 existiment
1000 4309 1037 4390 S.
1073 4310 1388 4389 Bonaventuram
