3022 4844
365 666 421 722 Ex
440 663 746 752 commentarioin
765 667 802 724 11
822 665 1089 726 sententiarum.

227 1182 364 1245 numo
381 1182 581 1245 innotui

165 1411 251 1473 Dici.
269 1416 296 1483 1,
312 1414 394 1485 pari.
411 1415 436 1483 1,
456 1415 515 1483 cri,
530 1413 562 1481 2,
578 1430 605 1485 q.
622 1417 649 1472 1.

167 1498 225 1559 Ac
239 1516 285 1559 ree
293 1499 459 1572 prodiretur
471 1498 530 1561 sict
542 1502 575 1560 ic
588 1518 647 1562 esso

236 1604 256 1648 c
264 1588 404 1662 pluribus
412 1589 584 1663 principiis.

307 1673 357 1752 (In
371 1677 510 1752 cocceius.)

141 1849 244 1923 Goput
258 1854 355 1909 nutem
369 1856 398 1910 et
411 1848 584 1926 principium
601 1852 709 1912 erroris
789 1849 995 1925 (deputantem
1016 1857 1045 1911 et
1059 1851 1232 1924 principium
1245 1855 1352 1914 erroris

96 1940 198 2000 omnis
213 1937 332 1997 dumont
345 1938 544 2014 philosophia,
559 1939 636 2013 quod
650 1941 707 2000 duo
747 1940 867 2000 demunt
880 1943 973 2000 omnis
994 1940 1183 2014 philosophia,
1200 1943 1276 2015 quod
1299 1943 1353 2000 sci·

96 2029 162 2087 sint
185 2021 286 2084 reruni
309 2027 451 2100 principie
472 2025 490 2064 *
511 2029 624 2101 primu:
646 2035 708 2088 turn
749 2031 817 2089 licet
831 2031 887 2090 duo
908 2031 966 2089 sint
989 2046 1086 2088 rerum
1101 2030 1264 2105 principio,
1288 2047 1353 2090 oum

96 2116 171 2190 quia
185 2113 259 2174 ordo
274 2113 400 2174 universi
413 2115 571 2175 destruitur
584 2116 639 2175 hoc
654 2133 709 2190 po·
749 2121 845 2179 omnin
867 2120 924 2177 sint
951 2120 1166 2178 ordinatissimo
1190 2126 1223 2179 ut
1249 2125 1350 2195 potet,

96 2205 175 2265 sito:
192 2210 257 2261 tum
272 2203 343 2275 quie
356 2203 453 2264 diuina
465 2205 595 2277 potentin
604 2205 709 2264 limito·
750 2208 818 2282 quin
831 2215 926 2266 motus
940 2207 1107 2266 interiorum
1122 2215 1166 2267 est
1179 2224 1197 2267 a
1211 2215 1291 2268 motu
1306 2226 1353 2269 su·

96 2299 147 2354 tur
162 2310 201 2352 ex
222 2291 279 2350 hoc
300 2297 410 2351 utnon
433 2294 523 2366 possit
546 2291 711 2369 corporolia
748 2296 904 2370 perierem,
913 2302 942 2355 et
952 2302 1044 2355 motus
1056 2299 1354 2370 superiornmomotu

96 2383 282 2456 producere:
298 2382 462 2442 tumetium
476 2382 582 2454 quis...
671 2437 674 2442 .
750 2386 1026 2457 intelligentiarum,
1050 2392 1079 2444 et
1093 2402 1165 2444 unus
1180 2387 1242 2445 sine
1262 2387 1355 2444 altero

748 2489 814 2532 esse
828 2489 883 2532 non
897 2475 998 2545 possit.
1021 2473 1078 2531 Hic
1091 2475 1162 2532 ordo
1177 2490 1212 2532 ex
1225 2475 1351 2547 propriis

747 2563 860 2620 naturis
874 2577 936 2621 esse
951 2577 1007 2620 non
1021 2567 1116 2634 potest
1129 2569 1247 2635 propter
1259 2562 1353 2620 direr-

747 2651 864 2708 sitntem
879 2656 908 2708 et
921 2644 1128 2723 oppositionem
1143 2665 1260 2720 eorum,
1275 2664 1350 2722 quoe

747 2739 840 2811 magis
867 2735 996 2796 fecerent
1022 2737 1234 2796 distinctionem
1259 2753 1346 2809 quem

747 2827 892 2897 unionem,
916 2831 949 2883 ut
968 2842 985 2883 u
1007 2825 1128 2884 diversis
1149 2826 1298 2899 principiis
1320 2831 1350 2884 et

747 2914 901 2972 contrariis
921 2911 1132 2986 ordinantibus,
1150 2913 1286 2985 quianon
1306 2914 1350 2971 in·

747 3001 899 3061 tenderent
921 3018 1009 3061 unum
1037 3002 1166 3060 ordinem
1191 3017 1226 3060 ex
1249 3001 1351 3073 seipsis

747 3090 808 3148 sive
821 3086 927 3159 finem;
952 3105 1021 3161 ergo
1041 3095 1156 3160 oportet
1170 3088 1245 3160 quod
1260 3088 1350 3147 redu·

746 3182 851 3233 cantur
866 3176 903 3234 od
916 3193 1003 3234 unum
1025 3176 1198 3248 principium
1212 3174 1349 3234 ordinans

747 3268 844 3321 omnia
860 3265 895 3321 od
913 3280 999 3323 unum
1012 3263 1118 3335 finem,
1144 3269 1194 3323 eut
1215 3263 1291 3336 quod
1306 3262 1354 3321 hic

749 3354 819 3411 ordo
843 3354 881 3408 sit
897 3370 947 3424 per
968 3354 1116 3419 ceciderim
1140 3351 1191 3409 sed
1211 3368 1264 3426 per
1277 3352 1353 3411 acci·

748 3441 818 3498 deus
834 3457 895 3497 esse
911 3459 963 3497 non
980 3449 1075 3513 potest
1095 3459 1159 3496 curn
1185 3457 1238 3496 non
1260 3440 1351 3512 possit

748 3530 857 3590 obesse.
873 3529 923 3586 sed
938 3530 1043 3586 hubent
1057 3546 1169 3600 semper
1184 3546 1266 3596 osse;
1283 3543 1351 3598 ergo

748 3630 803 3676 etc.
821 3617 893 3674 Item
904 3620 930 3671 in
944 3617 1071 3688 quolibet
1086 3634 1189 3688 genero
1202 3616 1354 3672 multitudo

748 3708 896 3764 redut-itur
912 3707 946 3761 cd
964 3723 1049 3762 unuin
1062 3708 1137 3761 itlius
1149 3709 1270 3776 generis
1282 3718 1351 3774 ergo

747 3811 810 3852 curn
826 3797 922 3849 ‹rmrrio
935 3795 962 3847 in
987 3809 1048 3849 esse
1069 3793 1248 3856 coriticttiitttt,
1261 3808 1345 3860 opor·

748 3892 790 3941 tet
803 3901 865 3938 esse
880 3898 965 3937 nomn
981 3897 1030 3938 ens
1042 3883 1210 3952 principium
1224 3882 1350 3934 omniurn

749 3989 764 4029 n
781 3987 837 4042 qut>
852 3969 1041 4041 dependeant,
1056 3981 1113 4024 tnui
1130 3974 1196 4039 quin
1208 3969 1278 4022 ordo
1293 3967 1354 4022 utu·

749 4062 823 4116 tersi
840 4060 997 4114 destruitur
1012 4058 1064 4113 huc
1076 4061 1176 4127 pissino,
1191 4067 1249 4110 turn
1263 4057 1352 4110 etiarn

750 4151 814 4220 quin
832 4147 924 4203 t't'riun
942 4148 1069 4217 potentin
1088 4147 1228 4223 tincturus
1243 4159 1278 4201 ex
1301 4145 1352 4196 drot·

750 4238 824 4307 quud
842 4254 896 4290 tum
909 4238 997 4306 pti-isit
1010 4233 1173 4307 corporalia
1182 4231 1351 4305 piodncett:

750 4336 812 4385 turn
827 4339 914 4384 etium
929 4327 1035 4397 quin...
