3022 4844
431 472 927 628 ¹aarum

67 1215 207 1275 ‚anuo
224 1211 260 1271 P.
284 1209 455 1270 Gunuannr
475 1212 637 1271 Mrursrno
659 1210 1045 1270 rou1us0nn.M1uoauu
1063 1211 1093 1272 S.
1118 1213 1304 1272 Funucrscr.

75 1311 308 1371 Paasnourno
328 1323 372 1366 au
394 1308 584 1367 Lucuouun.

550 1495 680 1592 prus
722 1483 913 1560 rurur'

115 1650 156 1709 in
169 1659 238 1716 que
251 1649 294 1704 de
308 1647 421 1728 causis
437 1651 472 1704 et
486 1646 619 1704 ratione
632 1623 741 1704 novae
755 1621 916 1705 editionis
932 1649 1103 1705 curandae
1117 1648 1311 1714 disseritur.

1386 1570 1423 1671 Ψ

66 1827 189 1888 Carus
253 1824 277 1883 1.
300 1824 421 1884 Sanctus
434 1824 637 1882 Bonaventura
652 1822 781 1883 Douros
802 1818 1077 1897 scaranensem
1098 1840 1185 1883 causa
1204 1841 1249 1885 re·

339 1914 416 1963 mota
430 1906 577 1976 proximae
592 1904 726 1962 editionis
740 1905 867 1976 ejnsdem
888 1921 1006 1977 operum
1049 1948 1057 1962 .
1142 1948 1149 1963 .
1175 1921 1250 1980 pop.
1338 1910 1352 1964 l

114 2008 133 2035 ι
232 1984 273 2043 ·11.
297 1984 342 2043 De
362 1982 587 2057 genaraiioribus
608 1999 724 2055 operum
745 1984 842 2041 Sancti
864 1983 1083 2043 Bonaveuturae
1107 1983 1249 2041 collectio·

334 2063 428 2132 nibus,
459 2063 551 2134 deque
564 2063 725 2135 praecipuis
750 2065 798 2135 qui
813 2063 911 2121 eadem
933 2070 1104 2121 censuerunt
1125 2065 1251 2121 auotori-

336 2141 400 2216 bus,
416 2143 464 2215 qui
480 2145 582 2216 maiori
597 2144 641 2201 vel
661 2146 833 2202 auctoritate
847 2143 892 2201 vel
906 2140 1075 2201 eruditionis
1090 2141 1166 2202 iaura
1180 2160 1249 2217 gau-

335 2221 412 2280 dent.
434 2238 484 2278 scu
507 2237 609 2279 causae
623 2222 770 2292 proximae.
784 2239 875 2280 novae
889 2221 1023 2280 editionis
1034 2221 1217 2280 adornandae
1230 2249 1246 2274 »
1313 2226 1350 2282 19

118 2324 135 2350 «
228 2298 549 2374 1H.Derationequa
576 2302 790 2360 absolutissima
815 2319 933 2375 operum
954 2305 1079 2362 omnium
1103 2303 1132 2362 S.
1157 2303 1252 2361 Bona·

335 2386 472 2439 venturae
505 2381 593 2438 editio
627 2381 726 2454 parari
756 2392 861 2455 queat,
898 2383 989 2454 deque
1022 2383 1121 2441 madiis
1150 2382 1273 2456 quibus:

335 2462 459 2532 genuina
490 2476 508 2518 a
547 2462 653 2532 spuriis
683 2461 833 2532 dubiisque
866 2461 973 2519 secerni
1003 2463 1127 2537 possint,¹
1165 2469 1252 2535 atquo

236 2598 242 2606 ,
336 2540 475 2599 anecdota
495 2557 568 2612 quae
589 2547 742 2613 supersunt
761 2542 883 2599 inveniri
956 2584 963 2599 .
1050 2584 1056 2597 .
1144 2583 1151 2598 .
1235 2567 1252 2594 2·
1315 2541 1352 2599 51

510 2758 638 2823 PARS
682 2757 915 2824 SECUNDA

115 2982 118 2987 Ι
282 2899 319 2954 in
339 2914 409 2967 qua
429 2900 473 2956 de
494 2900 703 2968 quibusdam
715 2898 959 2968 manuscriptis
981 2898 1145 2968 operibus

122 2999 156 3053 8.
178 2998 439 3054 Bonaventurae
457 2996 579 3066 agitur,
595 3012 639 3053 cx
652 2997 763 3065 iisque
778 2996 963 3065 specimina
976 2996 1069 3053 varia
1083 2997 1296 3054 exhibentur.

65 3165 181 3226 carno
246 3163 270 3222 1.
294 3163 329 3222 S.·
350 3165 552 3222 Bouaveutura
584 3163 787 3226 celeberrimus
823 3180 858 3221 ac
890 3164 1152 3235 praestantissimus
1183 3179 1260 3219 con·⁴

84 3266 87 3270 ·
333 3244 462 3301 cionator
483 3245 526 3301 rel
557 3260 592 3300 ex
622 3244 711 3315 ipsius
741 3244 886 3302 anecdotis
910 3244 1001 3315 iisque
1026 3244 1112 3300 certis
1142 3259 1249 3301 sorunc-

332 3322 418 3379 nibos
443 3323 602 3380 ostenditur
683 3364 690 3379 .
774 3368 780 3380 .
867 3343 874 3379 ·.
959 3364 966 3378 .
1049 3363 1055 3378 .
1140 3363 1146 3378 .
1175 3338 1249 3395 pop.
1312 3324 1350 3380 81

108 3425 126 3452 ⁴
233 3400 272 3458 11.
294 3401 437 3463 Rubricae
459 3419 619 3460 sermonum
639 3401 810 3460 ineditorum
831 3401 979 3473 seraphici
997 3400 1139 3460 Doctoris
1158 3403 1250 3461 sancti

333 3481 550 3539 Bouaventurac
575 3483 604 3538 iu
630 3480 753 3553 quodam
784 3498 849 3538 mss.
879 3482 976 3539 codice
1000 3480 1101 3538 Italico
1130 3486 1249 3538 couten-

215 3600 219 3607 ·
333 3567 428 3619 torum
1231 3584 1247 3610 >
1312 3561 1352 3618 94

104 3663 124 3691 «
217 3637 272 3707 111.
296 3639 442 3711 Quaedam
462 3642 539 3703 circa
560 3650 692 3703 naturam
713 3640 854 3713 praedicti
875 3639 991 3711 codicis,
1010 3648 1039 3698 et
1056 3636 1141 3697 fidem
1163 3655 1250 3712 quarn

319 3725 466 3794 ,uteretun
493 3720 673 3788 adnotantur,
704 3727 790 3791 atque
817 3719 934 3776 indiculi
956 3735 1005 3776 scu
1027 3717 1154 3792 tabulae,
1180 3716 1249 3776 aiibi

337 3800 496 3860 exactiores
527 3809 557 3856 ct
585 3800 682 3872 plures
723 3813 758 3857 ex
786 3799 886 3857 eodem
918 3798 1133 3868 conficiendae,
1169 3797 1252 3858 exhi-

331 3877 436 3941 bentur
489 3920 961 3938 ......
976 3914 979 3919 -
1046 3922 1054 3937 .
1141 3921 1148 3936 .
1232 3902 1248 3928 »
1294 3879 1352 3936 119

103 3981 122 4007 ι
218 3957 269 4015 IV.
292 3955 440 4028 &eduen
468 3957 616 4025 sermonis,
645 3972 736 4029 nequo
764 3957 905 4015 brevioris
934 3972 1025 4029 nequa
1045 3953 1192 4028 iongioris,
1213 3971 1250 4013 cx

331 4037 429 4098 andern
443 4039 540 4096 codice
552 4037 653 4095 Italico
671 4039 807 4110 excerpti,
818 4038 887 4096 alibi
906 4038 989 4094 valde
1005 4036 1121 4093 fusioris
1136 4037 1243 4093 inventi

330 4123 360 4174 et
379 4133 444 4175 cum
457 4117 576 4191 prologo
595 4118 624 4173 iu
640 4117 826 4190 Euangeliou
840 4115 868 4176 S.
882 4117 1002 4175 Joauuis
1023 4116 1213 4174 convenientis
1229 4140 1245 4166 ι
1290 4112 1363 4193 128,

232 4195 268 4254 V.
292 4194 421 4254 Alterius
442 4195 580 4253 cannonis
601 4197 731 4268 exempla
752 4196 816 4264 duo,
838 4212 958 4267 quorum
980 4195 1101 4252 alterurn
1130 4195 1159 4251 in
1188 4196 1250 4253 lau·

331 4275 399 4333 dato
409 4276 506 4334 codice
519 4275 618 4334 Italico
633 4286 810 4335 contractum
821 4275 913 4344 valde,
929 4277 1051 4333 alterum
1062 4291 1128 4333 vero
1139 4291 1204 4333 curn
1214 4291 1248 4332 eo

331 4357 498 4415 convenicus
513 4355 689 4428 multumque
704 4354 835 4414 diffusum
850 4355 879 4412 in
893 4354 987 4414 Gallia
1002 4360 1148 4429 repertum
1230 4377 1256 4404 n·
1292 4355 1352 4413 140
