3022 4844
515 208 716 301 -eouss

117 368 250 429 nutrio
270 369 469 431 VATIOANA

103 546 178 623 Pop.
194 549 264 620 316,
280 547 336 608 eol.
352 551 381 623 1,
397 548 441 608 ttt.
457 564 482 608 e.

98 723 189 781 eritur
202 721 240 783 de
252 722 307 782 hoo
316 722 392 796 qnod
406 722 496 782 dicit:
513 720 594 784 Nttu

97 810 274 870 iortorum...
292 810 360 872 lam
380 811 456 871 euim
465 828 596 886 praeees-

97 898 210 958 raeeolr‘a
222 916 297 973 quoe
308 899 429 971 fueram
448 903 515 960 uate
526 916 592 972 reos,

97 985 234 1046 rerifioari
248 987 362 1046 videtur
386 1004 468 1047 error
480 988 530 1047 ille
543 988 592 1061 qni

97 1079 247 1149 ‘magnum
259 1092 398 1135 annum...
413 1083 442 1136 et
454 1077 552 1135 omnia
563 1075 593 1134 iu

97 1163 172 1222 irari
184 1161 211 1222 *.
227 1163 415 1239 Respondeo‚
442 1164 594 1225 direntium

98 1257 126 1311 et
140 1254 270 1325 operatio
284 1251 490 1315 conditionis...

206 2563 282 2626 ltin.
298 2566 342 2627 tlt.
354 2567 381 2639 f.

98 2744 195 2802 omnis
223 2741 316 2802 forma
337 2749 473 2821 corrupta
494 2751 523 2803 et
536 2744 593 2803 ite-

95 2838 208 2892 rnerata
223 2831 320 2892 differt
331 2847 457 2904 numero,
473 2850 529 2892 uon
543 2850 594 2906 po·

95 2922 184 2990 elligi
210 2919 247 2979 de
272 2921 371 2980 eodem
392 2936 524 2981 numero.
537 2920 594 2979 ⁸1-

99 3011 214 3069 aeritur
229 3008 268 3068 de
279 3009 421 3082 noequod
433 3010 515 3070 uter
524 3009 599 3073 Nou

95 3116 176 3158 rrum
192 3097 370 3158 memoria...

674 717 830 790 Quaeritur
843 718 879 778 de
893 719 947 778 hoe
960 720 1036 794 quod
1050 721 1136 781 dieit:
1150 722 1236 783 Ntttt

635 807 688 867 aab
702 806 762 866 oola
776 824 913 867 nouum...
928 807 999 868 ‚Iam
1013 811 1090 869 enim
1099 827 1234 884 maerea-

633 895 671 956 eit
683 895 716 954 le
728 894 853 955 saeculis
866 912 939 969 quoe
950 896 1070 968 fuerunt
1089 901 1156 958 onte
1168 917 1233 976 aee,

633 982 718 1046 etsie
731 981 869 1041 uivifioari
884 983 999 1044 videtur
1012 1001 1093 1046 error
1115 988 1164 1047 ille
1185 992 1235 1062 qni

634 1072 716 1148 ponit
742 1076 808 1145 poet
844 1089 980 1146 magnum
1005 1090 1110 1135 annum
1123 1123 1131 1138 .
1146 1121 1175 1137 ..
1203 1093 1234 1137 o-

635 1159 714 1220 mnia
742 1162 883 1233 renovari,
906 1168 935 1220 et
955 1163 1032 1237 qnod
1046 1180 1143 1224 omnes
1166 1166 1234 1226 etel-

634 1248 681 1308 lae
694 1245 770 1306 fixae
793 1254 823 1306 et
846 1265 943 1307 omnes
959 1250 1092 1323 planetae
1106 1259 1191 1313 eruut
1204 1253 1235 1312 iu

634 1336 717 1395 initio
731 1345 848 1395 suorum
862 1344 1010 1411 motuum,
1029 1345 1059 1399 et
1074 1356 1171 1400 omnen
1190 1340 1232 1401 ei·

633 1423 726 1484 iectus
752 1441 823 1499 quoa
851 1425 1013 1487 habueruut
1035 1431 1066 1487 in
1092 1431 1234 1504 principio

634 1512 792 1588 iterabunt,
817 1519 847 1573 et
867 1531 918 1588 per
943 1518 1039 1580 omnia
1062 1517 1162 1577 eadem
1183 1535 1234 1578 nu·

633 1616 713 1660 mero
733 1600 868 1660 redibunt
895 1619 968 1676 quae
996 1612 1232 1678 praecesserunt,

634 1690 743 1749 eoilieet
756 1689 833 1749 idem
846 1691 941 1749 Adam
965 1708 1103 1764 numero,
1123 1695 1184 1754 Eva
1205 1701 1235 1754 et

635 1778 677 1836 eie
690 1777 726 1836 de
740 1778 814 1838 aliie.
828 1778 890 1838 Hoc
913 1787 1009 1839 autem
1024 1798 1042 1840 a
1057 1784 1179 1842 tentate
1199 1782 1232 1842 fi·

635 1865 681 1924 dei
693 1865 827 1938 primitus
841 1874 884 1925 eet
897 1867 1033 1942 alionum,
1051 1886 1103 1930 nee
1117 1887 1233 1944 genera-

634 1955 676 2012 tio
689 1953 775 2012 iterat
798 1955 929 2014 eumdem
952 1973 1078 2031 numero,
1093 1960 1233 2020 sedidem

634 2043 729 2115 speeie
742 2043 786 2101 vel
801 2060 915 2117 genere,
939 2046 1004 2105 ideo
1027 2048 1170 2108 insensate
1192 2047 1232 2108 lo·

634 2131 692 2188 euti
707 2137 781 2188 eunt.
796 2131 973 2205 Respondeo‚
992 2135 1142 2197 dicendum
1156 2137 1233 2213 quod

635 2222 679 2276 eet
691 2219 821 2291 operatio
835 2220 1042 2284 conditionis...

727 2747 751 2806 si
766 2750 857 2808 omnis
872 2748 966 2810 forma
979 2757 1116 2827 corrupta
1130 2758 1159 2811 et
1173 2755 1230 2813 ite·

635 2851 702 2893 rum
727 2843 865 2909 generata
892 2836 989 2896 differt
1013 2856 1148 2909 numero,
1176 2857 1232 2899 non

635 2931 731 2996 puteat
756 2924 879 2998 intelligi
906 2926 942 2983 de
970 2925 1070 2985 eodem
1098 2943 1228 2987 numero.

636 3010 799 3085 Quaeritur,
814 3015 904 3073 voluit
916 3015 993 3074 Deus
1007 3030 1053 3073 res
1077 3016 1232 3076 secundnm
1249 3078 1252 3084 ,

636 3116 784 3159 numerum
808 3100 932 3160 transire
946 3108 976 3160 et
988 3102 1144 3163 seeundum
1155 3097 1231 3179 ‘spe-

633 3191 703 3249 niem
727 3191 920 3263 permanere?
943 3190 1114 3264 Respondeo
1140 3200 1174 3252 nt
1196 3210 1231 3254 ex

631 3279 755 3337 transitu
789 3279 838 3337 illo
872 3279 1050 3339 mutabiliter
1080 3288 1233 3345 creaturae

627 3367 845 3440 intelligeretur,
861 3373 940 3426 etex
956 3367 1007 3426 illa
1033 3370 1233 3442 permanentia

629 3456 784 3515 seeundum
798 3456 867 3529 quid
880 3454 1102 3531 intelligeretur,
1122 3459 1232 3534 aliquid
1353 3472 1356 3477 ·

632 3561 694 3604 esse
730 3560 900 3619 permanens
928 3545 1108 3618 simpliciter.
1150 3548 1228 3607 Psal.

630 3633 689 3707 Ipsi
713 3633 871 3708 peribunt,
896 3640 927 3692 tn
951 3644 1047 3693 alutem
1068 3652 1229 3709 permanes.
1315 3639 1317 3643 '

630 3723 755 3795 Propter
779 3722 834 3780 hoo
861 3721 1008 3794 signanter
1032 3722 1138 3783 dieitur
1161 3725 1230 3800 Sap.

632 3815 680 3885 13,
696 3811 807 3884 quode
831 3811 1027 3883 magnitudine
1050 3813 1156 3885 speciei
1181 3828 1233 3885 po·

632 3908 690 3959 test
716 3907 833 3957 creetur
858 3900 993 3973 intelligi.
1024 3899 1149 3974 Propter
1180 3902 1234 3962 hoe

634 3987 820 4065 philosophus
834 4004 896 4047 esee
910 3988 1014 4062 speciei
1035 3990 1233 4063 appellaverat

633 4093 695 4136 ease
720 4076 846 4135 divinum
873 4083 993 4150 propter
1017 4077 1232 4137 similitudinem

633 4165 819 4240 permanendi
833 4180 898 4223 eum
911 4165 981 4224 Deo.
998 4165 1071 4224 Item
1083 4169 1234 4239 quaeritur

633 4256 669 4313 de
683 4255 737 4313 hoe
750 4254 826 4327 quod
839 4253 927 4314 dicit:
953 4253 1024 4314 Nora
1043 4257 1084 4315 eet
1095 4257 1233 4329 priorum

632 4344 801 4405 memorie...
874 4399 876 4404 .
