3022 4844
606 258 807 322 —lltl—

64 395 124 484 qui
147 393 235 461 nihil
259 393 390 482 gratiae
412 393 447 459 in
471 392 549 459 aliis
571 394 734 460 refundit.
760 392 881 460 Gratia
901 392 1107 460 assimilatur
1130 392 1228 477 fonti,
1245 394 1302 482 qui
1316 396 1346 460 si

63 540 187 606 aquam
215 540 280 583 non
304 516 465 601 refundit,
492 516 602 604 perdit
625 518 789 584 rationem
812 515 935 582 fontis:
963 515 1049 582 unde
1074 522 1210 583 nonest
1232 517 1345 601 gratia

64 643 155 708 sicut
177 640 333 727 cisterna,
360 639 424 706 sed·
441 640 529 707 sicut
551 641 637 708 fons.
660 640 832 728 Quidquid
865 640 972 725 igitur
988 640 1090 705 habes
1116 640 1242 724 datum,
1277 641 1349 707 sive

64 766 112 833 sit
134 763 304 849 facundia,
319 763 390 830 sive
414 763 549 852 aliquod
572 765 706 850 bonum,
721 786 848 851 semper
861 764 959 831 debes
977 764 1012 829 in
1029 764 1133 831 alium
1156 764 1345 831 refundere.

157 890 289 970 Quarto
315 887 504 975 disponitur
538 888 662 973 (homo)
698 889 740 954 ad
774 887 1016 976 plenitudinem
1050 888 1183 973 gratiae
1214 886 1346 955 stabili·

65 1014 159 1082 tione
182 1012 304 1080 mentis
326 986 415 1100 apud
438 1013 555 1080 Jesum
578 1035 637 1100 per
659 1013 926 1100 perseverantiae
956 1011 1259 1099 longanimitatem,
1286 1034 1345 1098 per

64 1158 168 1226 quam
189 1136 225 1201 in
249 1136 360 1222 gratia
383 1142 629 1225 perpetuamur.
656 1136 811 1204 Christus
833 1137 903 1222 ipse
926 1135 968 1201 ab
993 1141 1128 1202 aeterno
1163 1134 1343 1222 promittit,

61 1232 152 1343 heri,
178 1264 217 1339 et
236 1259 351 1343 hodie,
378 1265 414 1325 et
435 1259 471 1324 in
494 1259 644 1325 saecula:
670 1258 785 1328 Nolite
809 1258 969 1325 doctrinis
993 1257 1098 1323 variis
1133 1263 1167 1324 et
1200 1258 1347 1345 peregri-

62 1383 121 1449 nis
145 1380 265 1447 abduci
289 1382 350 1467 (1).
375 1382 544 1469 Optimum
579 1382 667 1447 enim
701 1389 754 1448 est
786 1383 822 1446 in
845 1383 958 1467 gratia
985 1380 1142 1447 stabiliri.
1173 1380 1239 1447 Sed
1262 1402 1339 1468 quo·

64 1505 166 1570 modo
188 1526 361 1591 possumus
385 1504 419 1570 in
447 1504 560 1592 gratia
593 1504 741 1570 stabiliri
776 1505 870 1570 docet
904 1504 1088 1591 Apostolus
1125 1504 1168 1569 ad
1202 1503 1346 1571 Titum-2

62 1627 242 1715 Apparuit
274 1627 387 1712 gratia
419 1628 481 1694 Dei
512 1627 699 1695 Salvatoris
733 1628 839 1694 nostri
876 1628 1027 1693 omnibus
1051 1627 1241 1694 hominibus
1272 1649 1346 1694 eru·

63 1750 165 1816 diens
187 1773 257 1833 nos,
284 1756 324 1815 ut
346 1750 550 1837 abnegantes
573 1751 779 1837 impietatem
802 1758 837 1817 et
859 1752 1007 1817 carnalia
1023 1750 1198 1835 desideria,
1225 1750 1346 1836 sobrie,

61 1881 103 1943 et
126 1874 192 1961 pie,
219 1881 254 1941 et
276 1880 365 1941 caste
388 1874 539 1954 vivamus
561 1875 596 1941 in
620 1875 682 1941 hoc
705 1876 848 1960 saeculo,
875 1881 1086 1962 expectantes
1108 1875 1240 1942 beatam
1256 1898 1348 1963 spem

61 2004 103 2065 et
126 1996 309 2063 adventum
340 1975 533 2084 judicisffl).
559 1998 666 2064 Debes
689 1997 782 2085 sequi
806 1997 895 2063 viam
919 2019 1002 2085 quae
1038 2003 1194 2085 apparet,
1231 1997 1348 2064 sedin

61 2120 206 2189 Christo
229 2121 386 2207 apparuit
407 2121 540 2206 gratia3
577 2120 732 2187 debemus
755 2121 863 2206 igitur
886 2120 978 2209 sequi
1002 2121 1092 2187 viam
1115 2121 1253 2206 Christi,
1281 2145 1346 2187 non

62 2243 339 2332 perturbationes
362 2244 548 2310 mundanas
571 2244 600 2309 si
624 2246 775 2312 volumus
797 2246 832 2310 in
856 2248 970 2330 gratia
988 2245 1145 2330 stabiliri,
1168 2247 1247 2333 quia
1266 2245 1350 2312 dicit
1435 2275 1439 2281 ·

59 2368 276 2433 Anselmus:
301 2366 366 2434 Cor
388 2366 475 2455 quod
497 2366 533 2432 in
557 2367 759 2434 aeternitate
783 2369 886 2434 fixum
910 2392 976 2433 non
1000 2375 1062 2453 est,
1090 2370 1180 2435 omni
1203 2370 1346 2436 mutabi-

59 2490 170 2557 litate
193 2488 391 2555 mutabilius
414 2495 476 2556 est.
502 2489 566 2557 Cor
589 2490 766 2556 mundanis
789 2491 957 2557 intentum
981 2514 1046 2559 non
1076 2498 1128 2559 est
1164 2499 1278 2580 aptum
1301 2491 1344 2557 ad

60 2612 313 2699 susceptionem
347 2613 501 2699 gratiae3
538 2620 572 2679 et
606 2619 739 2700 propter
774 2614 834 2679 hoc
868 2614 951 2680 dicit
985 2615 1172 2701 Apostolus
1207 2615 1250 2680 ad
1284 2616 1348 2680 He-

57 2736 188 2801 braeos
204 2736 268 2819 (3):
306 2734 518 2802 Confidentes
540 2758 581 2802 ne
605 2737 680 2823 quis
711 2744 860 2803 vestrum
895 2736 988 2819 desit¹
1016 2737 1149 2823 gratiae
1184 2737 1269 2821 Dei,
1306 2758 1349 2802 ne

57 2880 135 2949 qua
167 2857 264 2924 radix
298 2857 533 2923 amaritudinis
563 2881 695 2926 sursum
729 2860 920 2946 germinans
954 2859 1125 2947 impediat.
1163 2859 1340 2948 Sequitur:

56 2982 118 3051 Ne
145 2979 220 3068 quis
242 2979 330 3047 inter
355 3003 410 3049 vos
437 2981 619 3049 fornicator
651 2990 711 3049 aut
742 2984 901 3070 profanus
932 2984 1049 3067 Esau,
1087 2982 1171 3070 (qui)
1209 2989 1345 3070 propter

57 3125 171 3173 unam
194 3125 300 3170 escam
332 3105 480 3191 perdidit
514 3105 736 3193 primogenita
769 3129 840 3172 sua.
881 3107 1045 3174 Similiter
1079 3113 1215 3193 propter
1246 3127 1347 3172 unam

57 3227 324 3295 delectationem
346 3229 458 3316 perdit
484 3229 580 3295 homo
613 3252 754 3315 regnum
790 3230 966 3296 coelorum.
993 3227 1122 3296 Audivi
1147 3252 1167 3295 a
1190 3229 1342 3318 quodam,

57 3349 158 3440 quod
181 3371 246 3416 non
269 3357 357 3418 esset
379 3373 537 3438 magnum
562 3351 684 3419 habere
718 3354 876 3440 gratiam,
915 3354 993 3441 quia
1028 3354 1116 3420 latro
1151 3354 1346 3442 quandoque

58 3474 174 3541 habet
195 3473 352 3559 gratiam,
379 3476 437 3541 sed
459 3498 533 3543 cum
556 3476 647 3544 videt
665 3484 797 3565 tempus
816 3477 976 3565 optimum
997 3476 1039 3543 ad
1055 3477 1343 3562 malefaciendum,

58 3596 182 3687 perdit
203 3597 370 3683 gratiam:
395 3598 453 3665 sed
476 3599 624 3667 stabiliri
648 3600 684 3666 in
707 3601 821 3688 gratia
843 3623 1002 3688 magnum
1027 3608 1089 3667 est.
1115 3601 1180 3667 Per
1198 3601 1263 3666 duo
1281 3606 1349 3665 sta·

58 3715 192 3783 bilitur
214 3714 311 3781 homo
333 3716 368 3781 in
392 3717 520 3803 gratia:
557 3741 661 3784 unum
697 3727 749 3786 est
782 3727 946 3803 centrum,
984 3718 1077 3785 aliud
1102 3725 1152 3784 est
1177 3717 1347 3785 circumfe-

57 3838 191 3909 rentia.
217 3837 377 3906 Centrum
399 3840 465 3908 imo
488 3849 612 3910 natura
635 3843 794 3910 centralis
813 3852 864 3910 est
880 3843 993 3928 firma;
1020 3842 1175 3909 similiter
1191 3842 1349 3909 ultimum

89 4052 124 4103 (1)
136 4052 173 4091 nu
186 4050 257 4092 neor.
272 4052 304 4096 1³,
318 4061 340 4092 v.
354 4054 375 4094 o.
440 4030 446 4039 '
1187 4100 1190 4107 ,

86 4134 121 4181 (2)
136 4132 192 4179 cap.
205 4132 225 4176 2,
238 4140 262 4171 v.
276 4131 308 4176 11,
323 4132 355 4178 12.
370 4133 406 4177 1³3
422 4133 534 4182 Vulgata:
549 4135 573 4173 et
587 4137 713 4175 eaertdcrr'a
733 4135 853 4175 desideria
870 4135 959 4183 sobrie,
974 4136 998 4174 et
1007 4136 1079 4183 juste,
1094 4136 1118 4174 et
1132 4136 1171 4184 pie
1193 4137 1348 4175 vivamus...

59 4214 88 4255 et
103 4210 238 4251 novenam
249 4212 335 4261 gloriae
347 4213 424 4262 magni
431 4213 473 4251 Det
485 4217 505 4252 ot
515 4214 638 4254 Salvmwic
653 4216 724 4254 nostra·
738 4216 790 4254 Jasu
805 4216 895 4255 Christi.

90 4290 123 4340 (3)
137 4290 194 4339 cap.
206 4290 240 4337 12,
252 4300 275 4329 v.
290 4290 322 4336 15,
336 4292 363 4331 16
368 4302 374 4336 ;
389 4291 502 4341 Vulgata:
516 4295 686 4344 Conternplantes
699 4304 730 4334 ne
745 4295 799 4343 quis
814 4295 878 4334 desit
893 4294 982 4343 gratiae
990 4293 1067 4333 Det...
1081 4299 1208 4343 yerrninans
1218 4296 1348 4344 tripedica...

58 4370 184 4423 profluus
197 4374 223 4411 ut
234 4370 299 4411 Em
312 4370 354 4421 qui
359 4399 414 4413 .....
428 4374 522 4413 emutuit
533 4375 638 4423 primitia
653 4386 702 4414 auu.
