3022 4844
657 248 855 313 -266-

213 395 264 459 ld.
293 394 408 457 Tnxcr.
435 411 474 456 on
498 393 655 457 Passioni
675 391 803 457 Donnu.
821 352 972 477 Incipit
994 385 1098 455 «Etsi
1121 385 1289 466 Christus,
1312 385 1374 454 ubi-

120 515 246 601 quein
271 514 443 603 scriptura
467 511 601 582 dicatur
620 485 719 581 mons
742 523 805 582 eto.
834 537 852 578 »
931 555 934 559 -

65 976 76 989 .
209 891 261 954 t7.
288 891 401 955 Tutor.
438 909 477 953 na
509 872 690 962 ourausnnu
714 907 917 955 sanrmrnns
949 907 986 953 nr
1018 862 1273 956 rnnrnrromrus
1297 908 1385 956 srm-

59 990 70 1007 ”
120 1033 283 1079 Tutunus.
307 1010 431 1101 Incipit
446 1015 455 1076 :¹
481 1009 561 1078 «td
594 1009 759 1109 honorem
784 1010 853 1091 Dei,
879 1009 994 1079 dicam
1018 1009 1080 1078 tibi
1101 1009 1223 1096 aliqua
1245 1006 1384 1080 remedia
1429 1006 1431 1067 ἱ

121 1144 238 1204 contra
262 1134 400 1221 aliquas,
419 1135 621 1204 tentationes
644 1133 882 1225 spirituales...
912 1157 929 1200 »

210 1259 356 1329 Desinit:
378 1282 395 1326 n
413 1259 606 1329 Debilitates
620 1280 707 1346 quae
724 1268 805 1328 sunt
820 1279 1021 1328 communes
1045 1259 1149 1328 statui
1171 1259 1282 1350 hujus
1299 1260 1386 1329 vitae.

121 1395 153 1452 et
178 1384 318 1453 Domino
342 1384 524 1475 adjuvaute
547 1383 623 1473 ipsa
648 1383 839 1474 superabis.
869 1407 886 1449 »

210 1760 261 1824 t8.
289 1761 403 1827 Tanna.
421 1780 459 1825 nr
479 1779 626 1835 ouxruoa
648 1778 837 1826 novissnns.
856 1755 1003 1845 Incipit:
1032 1755 1166 1824 «Sicut
1181 1756 1269 1826 dicit
1288 1763 1392 1849 Augu-

120 1878 243 1961 stinus,
269 1881 305 1948 in
329 1881 417 1975 libro
437 1891 579 1950 suarum
595 1880 900 1950 meditationum...
930 1903 947 1946 o

207 2005 354 2075 Desinit:
382 2029 399 2072 «
426 2006 562 2075 Utinam
586 2015 743 2096 saperent
766 2017 798 2073 et
833 1998 1087 2094 intelligerent,
1126 2027 1168 2073 ac
1187 2008 1391 2076 ‚novissima

122 2130 351 2218 providerent.
381 2155 398 2197 o

155 2398 158 2403 ·
210 2381 262 2446 l9.
290 2382 451 2449 lnonrnnr
492 2402 720 2450 onnrnrrrorms
761 2402 858 2449 nrvmr
904 2400 1032 2449 orrrun.
1067 2401 1085 2444 <t
1117 2381 1166 2447 De
1200 2382 1393 2471 pulsatione

122 2500 164 2569 ad
189 2502 302 2572 horas,
403 2586 406 2591 .

209 2650 226 2693 n
252 2628 298 2696 ld
322 2651 441 2697 omnes
465 2630 566 2697 horas
589 2604 784 2710 canonicas,
813 2629 970 2719 pulsetur
1000 2649 1172 2718 campana
1197 2631 1316 2722 major
1338 2631 1392 2701 ali·

120 2753 327 2838 quantulum
352 2776 413 2844 pro
438 2754 547 2844 signo.
576 2760 613 2823 Et
636 2753 723 2823 lacto
755 2753 932 2823 intervallo
965 2753 1197 2843 competenti,
1228 2779 1301 2843 quo
1333 2757 1391 2825 lra-

88 2860 91 2865 ’
121 2889 188 2947 tres
212 2879 378 2968 expeditis
403 2879 617 2959 necessariis,
636 2878 816 2948 commode
835 2878 967 2969 possint
983 2878 1058 2969 sine
1082 2900 1180 2948 mora
1200 2884 1390 2961 convenire,

121 3003 238 3071 eadem
263 3004 386 3072 iterum
412 3003 569 3094 pulsetur
585 3003 772 3095 prolixius.
790 3008 830 3072 Et
851 3002 908 3072 hio
932 3002 1057 3071 modus
1079 3003 1296 3093 pulsationis
1312 3029 1393 3077 som·

122 3150 182 3218 per
205 3141 357 3198 servetur
368 3153 379 3209 3·
401 3141 540 3219 excepto
572 3128 663 3217 quod
696 3129 731 3197 in
764 3128 859 3198 festis
887 3126 1088 3218 duplicibus
1099 3116 1155 3196 'ad
1180 3118 1346 3222 vesperas
1365 3142 1392 3200 et

121 3253 164 3321 ad
184 3253 414 3334 matutinum,
450 3254 561 3322 tribus
585 3253 719 3322 viribus
742 3253 898 3344 pulsetur
930 3251 1079 3343 prolixe,
1104 3251 1209 3322 factis
1234 3257 1393 3348 congruis

120 3376 319 3446 intervallis.
348 3383 543 3459 attamen,
579 3376 708 3447 eisdem
741 3377 889 3458 diebus,
925 3376 968 3445 ad
998 3376 1131 3446 tertiam
1157 3378 1214 3448 bis
1240 3381 1392 3470 pulsetur

120 3502 260 3593 prolixe,
287 3501 765 3593 lactneongruointerva1103
791 3514 824 3572 et
850 3514 925 3592 post
949 3500 1083 3570 tertiam
1108 3503 1217 3571 semel
1244 3504 1290 3573 ad
1317 3504 1417 3573 mis'

120 3651 205 3698 sam.
232 3627 278 3696 Ad
304 3628 447 3697 missam
470 3640 583 3696 autom
608 3626 879 3713 conventualem,
904 3625 999 3695 omni
1023 3624 1079 3693 die
1103 3626 1210 3695 semel
1238 3629 1392 3719 pulsetur

120 3751 255 3842 prolixe
270 3761 511 3842 competenter,
538 3771 661 3842 parurn
685 3732 882 3847 anteqtldffi
894 3749 1082 3840 incipiatur
1103 3746 1284 3821 introitus.
1314 3758 1391 3823 Item

119 3876 154 3943 in
179 3876 361 3945 dominicis
389 3875 511 3944 diebus
534 3887 566 3944 et
589 3875 684 3946 lestis
717 3874 1005 3967 semiduplicibus
1037 3874 1198 3964 pulsetur
1222 3899 1399 3970 campano

119 4001 257 4087 quando
281 4001 445 4092 incipitur
480 4007 520 4069 Te
542 4006 646 4070 Deum
680 4002 880 4080 laudamus,
908 4021 1018 4088 usque
1051 3999 1093 4068 ad
1114 4022 1256 4069 versum
1281 4003 1390 4073 illum:

123 4126 221 4193 Pleni
241 4136 318 4193 sunt
341 4127 426 4194 coeli
447 4135 478 4193 et
503 4135 634 4194 terro...
663 4149 680 4191 »

209 4249 361 4317 Desinit:
400 4273 418 4315 r<
445 4254 483 4317 ln
508 4261 625 4320 sancto
662 4249 805 4318 Antonin
837 4249 973 4340 legatur
1004 4248 1047 4317 de
1081 4248 1228 4340 legenda
1253 4273 1340 4331 sua,
1365 4264 1392 4320 et

119 4383 276 4443 cantetur
299 4373 451 4443 historia.
480 4397 498 4439 »
1083 4384 1086 4390 ·
