3022 4844
623 300 669 315 —
691 262 755 335 275
778 303 823 314 -

96 427 106 473 r
129 406 220 477 leoli
245 406 387 477 loannis
405 412 674 477 Banaoenturae.
691 448 737 458 —
754 409 950 500 Capitulum
968 406 1133 498 primunr,
1152 406 1193 475 de
1205 406 1332 497 diffini-

96 550 143 623 tae
173 543 206 603 ct
240 506 451 627 distincttdpe
485 534 700 614 dilectionis,
736 545 768 603 et
800 534 841 603 de
875 533 1144 602 antecedentibus
1179 533 1332 602 dilectio-

96 674 129 726 tn
167 636 488 751 concupiscentiae.»
515 658 661 749 Incipit:
688 658 857 750 «Diliges
878 658 1064 727 Dominum
1083 662 1191 728 Deum
1216 670 1328 727 tuum.

96 780 168 853 atth.
200 789 256 866 22,
287 788 409 856 Beatus
433 783 562 854 Paulus
585 784 774 875 apostolus
798 783 988 865 caritatem,
1005 783 1077 852 sive
1097 783 1328 863 dilectionem,

104 910 142 979 ad
163 910 311 980 limoth.
327 909 514 1009 (t)definit
537 909 598 982 sio:
630 912 789 981 Claritas
810 921 858 980 ert
878 912 957 1000 fint's
977 912 1152 1001 praecepti
1169 911 1210 980 de
1233 909 1330 978 corde

96 1054 148 1118 tro,
175 1047 208 1106 et
231 1038 434 1106 conscientia
462 1038 567 1117 lona,
598 1048 629 1106 et
653 1038 720 1127 fide
755 1061 821 1106 non
847 1038 939 1126 ficta.
968 1059 986 1101 »

141 1160 289 1231 Desinit:
309 1164 369 1231 «0
392 1167 476 1231 lesu
499 1160 889 1242 misericordiosissime,
906 1163 967 1248 qui
991 1161 1115 1231 venisti
1131 1161 1246 1252 ignem
1273 1184 1330 1231 ca-

96 1287 164 1358 etis
190 1287 234 1355 in'
252 1299 406 1357 nostram
430 1286 616 1357 hiemalem
652 1300 777 1357 terram
812 1287 957 1369 mittere,
985 1286 1072 1356 nihil
1111 1286 1228 1356 volens
1260 1287 1328 1356 nisi

113 1412 274 1494 arderet,
300 1411 361 1482 fiat
385 1411 545 1482 voluntas
580 1424 639 1482 tua
663 1412 699 1480 in
734 1435 812 1493 me,
840 1412 1001 1504 extingue
1027 1413 1062 1480 in
1088 1435 1154 1491 me,
1180 1412 1330 1502 henigne

96 1556 146 1619 su,
173 1535 336 1627 extingue
357 1535 504 1607 totaliter
528 1537 645 1627 ignem
667 1536 980 1627 concupiscentiae,
1009 1548 1047 1606 ut
1071 1536 1252 1606 caminum
1267 1541 1328 1605 Ba-

96 1660 204 1743 lonis,
231 1672 265 1743 tc
288 1656 484 1743 miserante,
510 1662 666 1731 evadam.
691 1662 844 1732 accende
863 1663 900 1731 in
927 1684 982 1731 me
1006 1662 1327 1753 inextinguibiliter,

96 1809 188 1878 auge
221 1798 254 1856 et
287 1788 414 1878 perfice
449 1787 637 1859 liberaliter
667 1788 784 1879 ignem
823 1799 902 1858 tuae
928 1788 1111 1869 amicitiae,
1137 1799 1177 1857 ut
1202 1786 1245 1857 ad
1275 1808 1331 1856 ca-

96 1933 190 1983 num
215 1911 443 1995 Hierusalem,
474 1926 506 1983 te
533 1924 719 2005 operante,
748 1914 958 2005 perveniam,
981 1913 1042 1982 ubi
1067 1913 1102 1982 in
1131 1933 1247 1982 amore
1271 1924 1330 1981 tuo

96 2036 271 2108 terneliter
293 2038 446 2107 ardeam.
466 2039 531 2121 Qui
546 2038 632 2107 vivis
647 2050 680 2108 et
695 2061 819 2130 regnas
834 2061 915 2109 cum
930 2043 997 2108 Deo
1021 2044 1129 2119 Patre,
1147 2038 1184 2107 in
1197 2038 1329 2108 unitate

98 2163 202 2235 iritus
222 2163 338 2234 Sancti
362 2168 463 2246 Deus,
480 2187 543 2255 per
569 2165 687 2234 omnia
707 2165 844 2236 saecula
868 2165 1097 2237 saeculorum.
1113 2170 1256 2235 Amen.»

143 2543 196 2609 33.
213 2560 232 2606 «
247 2543 479 2609 Invnnronruu
503 2562 635 2623 rnnrms
647 2545 903 2610 Bonnvnnrurnn
916 2563 957 2609 nn
972 2563 1101 2611 nnonnu
1112 2563 1251 2612 sancran
1266 2561 1328 2609 nn-

96 2684 210 2732 nrnrrs
232 2685 271 2733 nr
295 2664 610 2754 rnnrnnrnr1s(2).»
633 2665 777 2755 Incipit:
805 2665 1030 2735 «Rationalis
1054 2665 1182 2746 anima,
1200 2663 1326 2733 callida

96 2787 277 2858 rsuasione
313 2788 447 2877 antiqui
471 2789 580 2860 hostis
607 2790 651 2859 ah
676 2812 754 2859 arce
778 2789 944 2862 virtutum
972 2790 1142 2859 inimum
1164 2789 1326 2859 vitiorum

97 2911 202 3004 lapsa,
231 2924 270 2983 ut
294 2914 363 2982 nisi
387 2937 447 3005 per
468 2926 606 2985 sanctae
630 2915 838 2986 humilitatis
865 2916 1108 3008 prudentiam,
1135 2915 1222 3006 erigi
1252 2937 1328 2984 sur-

96 3056 136 3105 tm
158 3037 290 3129 possit,
317 3060 380 3108 nec
404 3040 632 3111 devitiarum
657 3041 778 3133 regina
804 3042 969 3142 superbia
993 3041 1144 3111 nobilem
1175 3040 1329 3112 obtinere

96 3156 284 3255 iumphum.
315 3166 546 3237 Perscrutanti
580 3167 695 3255 itaque
735 3166 848 3250 mihi,
883 3167 1056 3255 quomodo
1089 3180 1159 3237 tam
1193 3166 1329 3258 sagacis

96 3302 193 3374 mque
226 3288 427 3360 victoriosae
450 3290 679 3382 praeliatricis
702 3291 910 3362 familiarem
934 3314 1072 3384 possem
1096 3292 1243 3384 adipisci
1267 3315 1329 3365 no

96 3402 175 3495 lirin,
201 3426 243 3483 ut
280 3413 395 3506 ipsam
418 3415 580 3486 vitiorum
617 3428 762 3487 matrem
801 3417 1008 3499 nefandam,
1037 3431 1070 3487 et
1094 3418 1330 3489 sensualitatis

96 3548 149 3608 leae
172 3540 385 3611 cervicosam
409 3543 659 3633 protectricem,
687 3545 799 3636 ipsius
824 3544 933 3615 lullus
957 3545 1141 3636 praesidio,
1171 3543 1330 3615 funditus

96 3652 275 3746 {bellarm
303 3677 509 3767 cunctorum
534 3668 721 3738 humilium
749 3669 869 3760 regina
893 3692 1029 3762 semper
1054 3670 1213 3762 propitia,
1246 3693 1331 3758 qua-

96 3798 127 3859 ⁰r
150 3790 242 3859 mihi
268 3790 463 3862 invitatoria
481 3781 638 3883 jucundo
673 3807 815 3885 aspectu
851 3807 884 3864 et
908 3795 1011 3865 hilari
1045 3795 1141 3876 lacie,
1170 3816 1330 3865 occurre—

96 3924 139 3998 nt,
168 3915 391 3986 enuntiantia
414 3917 501 3993 mihi
525 3918 568 3986 de
591 3919 686 4010 ipsa,
712 3931 746 3989 et
769 3919 959 4002 allicentia,
988 3921 1040 3989 vel
1065 3919 1180 4011 potius
1208 3920 1332 4011 impel-

96 4041 155 4112 nia
181 4039 379 4133 plurimum
404 4042 447 4112 ad
481 4064 633 4114 amorem
668 4045 755 4134 ejus.
782 4049 1077 4116 Horum-autem·
1098 4045 1254 4136 primum
1279 4060 1331 4117 est
1371 4079 1373 4083 ⁷

106 4365 127 4410 l,
139 4370 167 4402 v.
177 4359 199 4400 l.
745 4394 751 4401 .

102 4441 195 4491 Hujus
215 4433 344 4477 raccant
357 4437 517 4488 ecmannum
531 4434 590 4480 mlht
608 4434 664 4481 lectt
681 4436 792 4482 dominat
806 4437 923 4483 Henr'lcun
939 4438 1029 4489 Combe,
1046 4442 1142 4495 anglus.
