3022 4844
615 292 661 305 ..
687 258 752 325 297
777 294 822 305 ..

10 371 25 491 ᾗ
63 389 293 459 meritorum:
324 392 512 463 Thesaurus
535 397 778 466 desiderabitis.
809 395 967 466 Secundo
993 420 1014 465 a
1038 396 1259 488 plenitudine
1273 422 1353 491 gra-

10 528 26 636 Ξ
63 512 215 585 tiai'um:
242 525 275 583 et
301 518 412 585 oleum
439 520 476 586 t'u
502 520 696 590 habitaculo
727 522 796 589 oiri
823 522 925 611 justi.
953 521 1000 589 td
1035 521 1176 591 literam
1202 522 1354 592 enimet

10 654 20 719 ζ
67 634 167 707 dives
202 636 268 706 fuit
301 650 434 709 terrena
467 642 684 723 substantia,
712 653 745 712 et
768 642 894 732 :oleum
918 666 959 711 ex
991 643 1128 713 ossibus
1165 645 1239 735 ejus
1264 667 1357 714 ema-

67 760 175 830 novit.
203 760 290 831 uicit
313 784 394 853 ergo
418 764 542 853 primo,
574 767 754 835 thesaurus
777 767 1023 835 desiderabitis.
1052 767 1116 836 Sed
1144 768 1350 850 notandum,

10 874 34 965 {rh
71 885 164 975 quod
189 898 243 957 est
265 886 389 977 triplex
413 888 619 970 thesaurus,
646 889 787 969 scilicet,
816 890 961 959 exterior
987 891 1219 980 possessionis
1249 904 1353 962 terre·

10 1014 33 1100 ξ
72 1031 146 1095 uae,
174 1011 320 1080 interior
343 1012 625 1082 sanctificationis
649 1014 826 1094 internae,
855 1014 1014 1104 superior
1050 1016 1353 1106 contemplationis

10 1099 41 1259 ἶ
71 1155 230 1205 arcanae:
269 1133 405 1224 primus
439 1148 491 1204 cst
527 1136 653 1204 valoris
689 1136 891 1227 permodici
931 1137 1107 1208 secundus
1142 1151 1194 1208 est
1230 1138 1356 1207 valoris

10 1261 41 1374 ξ
69 1257 283 1338 multimodi,
312 1259 433 1329 tertius
459 1272 510 1330 est
535 1260 693 1329 valoris
684 1261 846 1330 immensi
852 1315 920 1330 .....
951 1286 967 1327 »

11 1374 35 1435 ἱ
159 1381 383 1471 s)«Sermo
407 1382 449 1452 de
473 1382 572 1453 beato
605 1385 734 1452 Thomu
758 1383 926 1474 Apostolo,
955 1384 1070 1454 fratris
1097 1386 1283 1465 Eustachii,
1313 1384 1356 1453 de

10 1437 32 1641 ξ
64 1505 202 1577 Ordine
223 1504 369 1576 fratrum
393 1506 680 1576 llinorumr—
635 1508 831 1598 -lncipitz
809 1514 981 1577 tulere
1005 1532 1065 1598 epo
1094 1511 1246 1598 cognovi,
1273 1531 1356 1599 quo-

10 1660 13 1665 ·
63 1631 166 1699 triam
193 1633 281 1697 neus
307 1652 401 1698 meus
426 1652 460 1698 cs
483 1630 546 1720 (l)
574 1636 644 1720 Ego
680 1642 790 1699 mater
823 1630 989 1720 pulchrae
1023 1630 1217 1702 dilectionis
1244 1631 1355 1721 (2)

61 1752 200 1823 Divisio
225 1752 397 1822 thematis.
426 1776 443 1819 «
471 1753 564 1823 Fidei
589 1754 799 1823 illuminatio
827 1756 980 1844 tangitur
1002 1755 1067 1835 ibi,
1096 1761 1178 1839 llere
1201 1758 1353 1845 cognovi:

60 1876 153 1946 fidei
180 1874 347 1965 professio
371 1876 439 1957 ibi,
466 1879 625 1967 quoniam
657 1882 743 1946 Heus
770 1900 863 1946 meus
892 1901 926 1946 es
929 1926 996 1947 .....
1021 1902 1037 1943 »

162 1998 192 2086 t)
215 2000 508 2086 «Sermo-beatae
523 2001 671 2090 Agnetis,
687 2000 803 2071 fratris
816 2005 1086 2070 Bonaventurae.
1105 2024 1122 2066 r
1148 2040 1192 2050 -
1211 2001 1348 2089 Incipit:

61 2146 83 2189 e
115 2123 299 2211 Equitutui
338 2144 409 2190 meo
449 2124 485 2191 r'n
524 2126 677 2192 curribus
704 2125 892 2192 Phuruoru's
932 2126 1124 2192 assimilari
1156 2135 1210 2203 te,
1245 2126 1357 2193 antire

61 2266 152 2315 mea
187 2242 248 2332 (3).
289 2249 362 2314 Non
397 2245 473 2315 sine
509 2267 615 2314 causa
648 2246 824 2315 canticum
850 2247 979 2316 amoris
1012 2246 1140 2315 dicitur
1178 2247 1357 2316 Canticum

64 2366 306 2449 canticorum,
335 2390 397 2458 pro
430 2390 470 2437 eo
506 2368 597 2455 quod
623 2370 768 2438 materia
797 2368 839 2438 de
871 2390 941 2455 qua
965 2382 1026 2448 est,
1056 2381 1088 2437 et
1113 2369 1221 2437 virtus
1246 2392 1266 2437 a
1289 2391 1360 2455 qua

66 2488 243 2561 formatur
266 2491 384 2581 ipsum
409 2491 600 2572 Canticum,
628 2504 661 2561 et
685 2491 765 2562 finis
790 2491 833 2559 ad
858 2513 962 2577 quem
986 2502 1048 2571 est,
1073 2491 1286 2559 transcendit
1319 2502 1351 2559 et

70 2612 267 2696 materiam,
288 2624 322 2683 et
346 2614 539 2703 originem,
567 2626 600 2683 et
632 2614 738 2682 finem
774 2615 932 2683 omnium
971 2614 1198 2682 canticorum.
1233 2619 1357 2681 Tantae

70 2734 267 2807 nobilitatis
299 2747 352 2806 est
374 2736 483 2808 virtus
506 2737 712 2817 charitatis,
741 2738 861 2823 utqui
890 2737 993 2805 habet
1029 2735 1230 2804 charitatem
1255 2735 1359 2804 habet

70 2874 104 2931 et
127 2866 252 2933 Deunu
281 2882 345 2930 uec
369 2870 420 2930 est
443 2861 584 2948 aliquod
612 2862 784 2951 premium
820 2882 882 2929 nec
918 2860 1091 2938 meritum,
1123 2858 1192 2927 nisi
1214 2858 1358 2949 diligere

71 2988 193 3065 licum,
219 2994 259 3054 ut
281 2984 366 3054 dicit
403 2983 616 3076 Augustinus
642 3007 746 3075 super
771 2984 858 3053 illud
882 2983 944 3074 (l):
974 2982 1055 3051 Mihi
1083 2981 1269 3051 adhaerere
1291 2986 1359 3051 Deo

26 3118 42 3147 ³
70 3108 205 3179 honum
228 3119 292 3179 est.
318 3111 420 3178 Amor
454 3098 632 3178 charitatis
655 3120 769 3177 tantae
801 3105 1031 3177 sublimitatis
1057 3118 1131 3185 est,
1163 3119 1201 3175 ut
1226 3106 1268 3174 de
1292 3106 1358 3174 mi-

74 3254 150 3303 sero
173 3230 280 3301 faeiat
302 3232 454 3312 beatum,
495 3244 529 3301 et
560 3231 603 3300 de
633 3231 790 3321 simplice
822 3231 1033 3320 sapientem,
1061 3227 1358 3314 quemadmodum

10 3382 40 3421 ει
10 3331 111 3427 'Ede
144 3364 259 3425 aetate
277 3354 458 3444 juvenculi
483 3365 632 3425 transeat
664 3356 699 3422 in
735 3354 909 3424 canitiem.
938 3356 1062 3443 Agnes
1074 3351 1150 3431 ista,
1179 3351 1280 3440 cujus
1303 3373 1359 3420 so-

10 3460 289 3590 {lemnitatem
313 3477 415 3547 modo
438 3478 665 3559 celebramus,
697 3479 747 3546 int
748 3499 785 3546 er
735 3477 896 3546 talias
922 3475 1074 3566 virgines
1098 3495 1187 3562 quae
1212 3494 1358 3563 sponsae

10 3589 201 3701 35-ffiristi
223 3600 409 3684 luerunt,
399 3624 475 3693 ipsa
499 3603 683 3693 praecipue
707 3599 1006 3679 commendabilis,
1041 3597 1118 3667 ideo
1143 3596 1284 3665 verbum
1311 3594 1357 3664 de

48 3732 143 3823 ipsa
168 3735 407 3815 competenter
431 3725 514 3795 dicit
502 3739 558 3795 tur
581 3725 673 3813 quod
699 3725 741 3794 de
766 3724 868 3794 laude
888 3737 1038 3813 sponsae
1064 3719 1147 3789 dicit
1135 3731 1203 3789 tur
1229 3723 1358 3800 Quam-

48 3870 176 3943 quam
198 3847 388 3937 juvencula
411 3847 476 3918 tuit
509 3860 643 3930 aetate,
687 3849 805 3917 animo
835 3861 949 3917 tamen
991 3844 1055 3914 luit
1096 3865 1207 3921 cana,
1249 3842 1358 3931 gratia

84 4188 122 4237 (1)
138 4182 209 4227 Pul.
223 4184 257 4231 tto,
269 4192 292 4224 v.
307 4184 339 4223 1⁰.

85 4256 122 4303 (Β)
137 4250 216 4291 ΕοοΜ.
231 4250 267 4297 24,
280 4258 302 4289 v.
315 4250 349 4289 24.

87 4322 124 4369 ω)
138 4316 210 4358 cunt.
224 4316 244 4361 1.
256 4324 282 4355 v.
295 4316 315 4355 8.

91 4386 126 4435 u)
140 4382 205 4425 Pul.
221 4384 255 4429 Μ,
266 4390 292 4421 v.
306 4382 340 4423 28.
353 4380 394 4431 On
411 4383 428 4420 t.
443 4382 463 4421 3,
