3022 4844
599 238 799 301 —445-

43 373 164 441 Primo
181 394 202 443 a
219 371 429 461 plenitudine
447 395 666 461 supernorum
689 372 939 459 charismatum,
966 396 1040 440 cum
1064 375 1163 443 dicit:
1193 378 1335 466 Stepha-

47 522 112 561 nus
129 498 248 585 plenus
269 499 382 584 pratia
386 546 452 564 .....
475 496 656 579 1ἱηίίιιθιιϊίει
685 519 706 562 a
728 498 797 563 Deo
828 504 973 584 accepte.
1000 497 1150 565 Secundo
1170 523 1333 567 commen·

49 620 202 689 datura
227 620 446 689 multitudiue
468 620 679 688 internarum
709 621 886 704 virtutum,
907 643 981 687 cum
1007 621 1104 687 dicit:
1140 636 1171 687 et
1191 626 1334 711 fortitu·

52 742 141 810 dine.
166 742 281 811 Tertio
312 765 333 809 a
360 743 595 830 magnitudine
626 749 839 810 externarum
859 744 1099 829 operationum,
1133 768 1207 811 cum
1231 747 1333 813 dicit:

54 867 199 945 faciebat
219 874 284 935 ete.
305 868 494 935 Secundum
524 868 596 953 hoc,
613 868 717 954 primo
749 867 999 935 commendatur
1025 868 1061 934 in
1088 870 1333 957 comparatione

55 990 100 1057 ad
125 991 243 1073 Deum,
274 991 417 1059 secundo
449 991 486 1057 in
509 992 753 1078 comparatione
779 991 821 1057 ad
847 992 1003 1079 seipsum,
1022 994 1124 1059 tertio
1147 993 1183 1058 in
1207 1017 1336 1081 compa-

53 1114 188 1181 ratione
208 1115 251 1181 ad
273 1114 468 1202 proximum,
484 1114 701 1181 refundendo
725 1115 872 1202 gratiam
891 1122 1058 1202 acceptam
1082 1114 1116 1180 in
1135 1117 1332 1203 proximum.

57 1236 247 1305 Secundum
276 1238 337 1305 hoc
369 1238 616 1305 commendatur
643 1238 752 1326 quoad
776 1238 923 1305 virtutes
951 1240 1170 1326 susceptivas,
1193 1241 1337 1308 custodi·

50 1360 159 1447 tivas,
194 1361 496 1437 communicativae.
533 1362 599 1430 Sed
622 1362 865 1449 plenitudinem
889 1363 1020 1448 gratiae
1049 1386 1114 1428 non
1146 1364 1266 1431 habuit
1297 1388 1337 1431 ex

58 1504 106 1569 se,
132 1482 191 1551 sed
212 1484 254 1551 ab
283 1484 344 1551 illo
368 1485 426 1573 qui
448 1490 522 1552 erat
542 1485 690 1553 Verbum
713 1486 848 1573 plenum
871 1486 1013 1572 gratiae,
1040 1486 1212 1553 sciliceta
1245 1487 1338 1555 Chri-

59 1612 125 1675 sto.
163 1606 261 1674 Unde
305 1607 490 1695 Apostolus
524 1609 593 1695 (1):
620 1609 691 1675 Lex
725 1631 783 1696 per
815 1609 955 1695 Moysen
993 1609 1072 1674 data
1110 1616 1188 1695 est,
1225 1611 1339 1696 gratia

60 1735 174 1797 autem
210 1736 245 1797 et
276 1730 404 1799 veritas
434 1754 491 1818 per
509 1731 681 1799 Christum
703 1733 794 1799 facta
812 1738 875 1799 est.
907 1733 952 1799 Et
974 1734 1126 1821 quamvis
1143 1735 1258 1819 gratia
1273 1757 1339 1800 non

59 1854 106 1921 sit
128 1876 172 1920 ex
192 1853 323 1921 meritis
345 1854 480 1940 nostris,
501 1855 568 1922 imo
586 1856 632 1922 sit
651 1855 773 1923 donum
797 1857 870 1941 Dei,
898 1863 937 1923 ut
960 1856 1043 1924 dicit
1058 1858 1242 1944 Apostolus
1268 1860 1336 1945 (2);

10 2042 14 2058 ,
60 1976 185 2045 Gratia
202 1977 265 2045 Dei
283 1977 406 2047 salvati
425 1978 518 2045 estis:
542 1985 676 2067 'oportet
694 1985 807 2045 temen
831 1979 918 2067 quod
942 1979 1038 2046 homo
1062 2002 1096 2046 se
1113 1981 1270 2068 disponat
1290 1983 1340 2067 (3)

64 2102 107 2169 ad
128 2102 373 2189 susceptionem
390 2102 533 2198 gratiae.
561 2102 759 2190 Disponitur
784 2112 897 2169 autem
922 2103 1017 2170 homo
1042 2104 1085 2169 ed
1109 2105 1257 2190 gratiam
1282 2105 1342 2169 hu-

59 2226 250 2293 miliatione
283 2226 405 2292 mentis
427 2227 489 2292 sub
511 2227 607 2312 Jesu,
644 2227 829 2294 elevatione
860 2227 982 2293 mentis
1015 2227 1204 2313 edJesum,
1240 2229 1339 2294 confi·

58 2350 241 2439 guratione
275 2351 397 2419 mentis
429 2372 503 2417 eum
535 2351 630 2435 lesu,
657 2356 692 2417 et
725 2351 913 2416 stabilitate
936 2351 1058 2416 mentis
1081 2351 1170 2438 apud
1208 2352 1338 2418 Jesum.

150 2473 264 2541 Primo
280 2473 353 2540 dico
370 2473 558 2560 disponitur
574 2473 616 2539 ad
632 2474 777 2559 gratiam
792 2474 1025 2540 humiliatione
1042 2474 1164 2540 mentis
1179 2475 1241 2540 sub
1259 2476 1343 2542 Jesu

56 2622 119 2689 per
136 2598 345 2667 reverentiae
371 2598 644 2685 profunditatem,
674 2620 740 2686 qua
767 2599 809 2663 ad
836 2598 983 2684 gratiam
1006 2620 1252 2685 praeparamur.
1281 2598 1340 2664 Se-

55 2723 171 2793 cundo
190 2721 395 2809 disponimur
410 2722 453 2787 ad
472 2722 619 2809 gretiam
638 2721 822 2790 elevatione
838 2721 959 2787 mentis
983 2721 1027 2786 ad
1044 2722 1161 2787 Jesum
1177 2744 1236 2809 per
1257 2712 1358 2787 fidu?

54 2849 131 2917 ciae
147 2844 403 2929 sublimitatem,
423 2867 489 2933 qua
507 2849 542 2911 in
559 2844 672 2930 gratia
686 2867 926 2931 promovemur.
948 2844 1061 2911 Tertio
1079 2845 1344 2930 configuratione

55 2970 187 3039 mentis
202 2992 276 3035 oum
291 2969 373 3035 Jesu
388 2990 447 3055 per
469 2967 721 3035 benevolentiae
738 2968 964 3052 latitudinem,
986 2990 1052 3055 qua
1075 2968 1110 3032 in
1134 2970 1247 3053 gratia
1270 2992 1343 3056 pro-

54 3094 207 3163 ficimus.
233 3092 363 3173 Quarto
387 3091 576 3158 stabilitate
599 3090 720 3157 mentis
743 3091 832 3177 apud
855 3092 972 3158 Jesum
996 3113 1054 3178 per
1077 3092 1345 3177 perseverantiae

55 3215 369 3303 longanimitatem,
389 3235 454 3303 qua
472 3214 507 3279 in
527 3213 640 3300 gretia
655 3235 912 3301 perseveramus.
931 3215 977 3280 Et
993 3214 1054 3281 hoo
1078 3220 1129 3280 est
1152 3213 1239 3301 quod
1263 3214 1346 3281 dicit

56 3339 253 3430 Apostolus
276 3340 344 3428 (4):
381 3339 421 3405 In
456 3338 598 3405 caritate
625 3337 768 3404 radicati
797 3344 831 3403 et
853 3337 1005 3422 fundati,
1040 3344 1080 3404 ut
1102 3337 1236 3425 possitis
1260 3360 1345 3404 com-

56 3462 272 3557 prehendere
293 3484 367 3529 cum
391 3461 542 3529 omnibus
560 3462 696 3545 sanctis,
715 3482 799 3547 quae
822 3461 868 3526 sit
887 3460 1074 3548 longitudo,
1103 3461 1261 3547 latitudo,
1288 3484 1345 3527 su-

57 3587 221 3657 blimitas
243 3591 279 3652 et
300 3584 512 3673 profundum.

156 3708 270 3777 Primo
286 3730 364 3795 ergo
381 3707 569 3795 disponitur
592 3708 715 3793 (homo)
740 3707 781 3774 ad
798 3707 945 3792 gratiam
961 3707 1195 3773 humiliatione
1224 3705 1347 3783 mentis

56 3834 129 3905 sub
148 3832 234 3900 Jesu
249 3854 307 3919 per
328 3832 533 3901 reverentiae
549 3831 824 3919 profunditatem,
846 3853 911 3918 qua
935 3831 975 3896 ad
1002 3830 1145 3917 gratiam
1169 3849 1346 3916 praepara·

92 4120 123 4166 (1)
140 4116 211 4157 Joan.
226 4116 245 4161 1,
259 4125 277 4155 c.
293 4116 325 4155 lt.

94 4200 124 4247 (ἢ)
140 4197 178 4236 Ad
191 4196 279 4243 Ephes.
292 4197 313 4241 2,
326 4205 348 4235 v.
364 4198 383 4235 6.

94 4278 126 4325 (3)
143 4274 221 4314 codex
235 4273 319 4313 habet:
330 4286 372 4323 per
384 4282 410 4313 se
426 4274 545 4324 disponat.

96 4354 127 4401 (4)
145 4354 180 4393 Ad
193 4352 250 4403 Eplu
265 4354 284 4399 8,
297 4362 319 4393 v.
334 4352 367 4399 lv,
381 4353 414 4392 18.
