3022 4844
609 234 812 302 -439-

78 352 171 461 nbis,
203 381 240 443 et
266 374 420 442 absentes
442 372 616 461 Epistolis.
642 375 872 442 Ecclesiastiei
886 375 1014 442 decimo
1029 375 1148 464 quinto
1165 376 1244 460 (1):
1267 376 1345 445 Fir·

78 496 197 566 lbitur
227 499 265 564 in
297 497 382 583 illo,
415 505 450 564 et
480 520 546 563 non
575 496 755 583 flectetur,
786 506 821 565 et
851 498 1039 613 eontinelpit
1068 499 1192 583 illum,
1220 506 1257 567 ct
1279 522 1346 566 non

78 620 301 707 denudetur,
330 628 365 688 et
391 620 557 689 exaltabit
582 622 682 688 illum
701 622 791 711 apud
825 623 992 710 proximos
1022 644 1111 689 suos.
1146 621 1346 689 Elevutitur

128 744 425 814 denuntiationem
464 745 693 833 propheticam
731 746 914 812 seeundum
955 744 1045 812 illud
1088 745 1277 813 Ezechielis
1310 771 1345 815 o·

78 888 146 938 svo
172 871 237 957 (2):
263 869 423 937 Elevavit
452 892 504 937 me
538 869 688 958 Spiritus
713 871 804 937 inter
836 870 965 936 coelum
987 875 1023 936 et
1048 877 1197 955 terrem²
1225 878 1262 938 et
1285 871 1344 938 ad·

78 992 148 1061 ixit
183 1017 237 1059 me
262 993 300 1059 in
325 993 514 1061 Jerusalem
553 994 589 1058 in
626 994 756 1060 visione
789 993 864 1062 Dei.
904 993 979 1060 Hao
1006 992 1194 1061 elevatione
1223 992 1345 1061 beatus

78 1138 200 1185 ’annes
225 1117 379 1184 elevatus
408 1124 475 1204 est;
502 1118 591 1185 unde
613 1118 839 1206 Apocalypsis
863 1118 1023 1205 vigesimo
1041 1116 1148 1204 primo
1172 1119 1250 1203 (3):
1280 1118 1342 1185 Su·

78 1240 151 1308 ulit
175 1263 229 1308 me
255 1242 291 1306 in
317 1241 439 1329 spiritu
462 1243 498 1307 iu
526 1249 672 1308 montem
702 1264 885 1329 magnum,
911 1248 946 1307 et
973 1240 1106 1326 altum,
1135 1248 1171 1308 et
1193 1241 1342 1309 ostendit

78 1360 131 1432 ihi
160 1365 336 1432 civitatem
366 1372 516 1432 sanctam
544 1367 746 1451 Jerusalem,
766 1365 1019 1432 descendentem
1038 1364 1079 1431 de
1103 1364 1194 1432 coelo
1217 1387 1239 1431 a
1256 1367 1339 1434 Deo.

78 1494 93 1553 t
122 1490 189 1556 hoe
219 1489 353 1578 quidem
386 1490 473 1559 vidit
496 1491 540 1557 ad
567 1490 847 1575 denuntiandum
878 1490 966 1555 uude
1000 1489 1128 1555 dictum
1154 1498 1206 1556 est
1229 1488 1274 1575 ei,
1292 1491 1341 1555 A·

78 1612 245 1701 eclypsis
276 1614 383 1701 primo
407 1615 479 1700 (4):
508 1613 622 1681 Scribe
653 1635 739 1702 quae
766 1612 896 1693 vidisti,
917 1619 953 1679 et
971 1633 1056 1700 quae
1074 1620 1166 1697 suut,
1195 1618 1232 1679 et
1257 1632 1343 1700 quae

78 1742 185 1804 urceo
215 1737 289 1804 fieri
319 1739 518 1826 posthaec:
555 1739 634 1827 quia
661 1738 778 1805 floruit
813 1737 941 1825 triplici
973 1759 1096 1824 genere
1130 1736 1337 1824 prophetiae.

78 1856 103 1922 't
130 1860 281 1926 sublimis
309 1865 371 1926 erit
396 1861 489 1927 valde
511 1885 570 1950 per
595 1861 782 1930 doctrinam
805 1861 1044 1948 evangelicam,
1070 1860 1105 1926 in
1128 1882 1195 1949 que
1228 1880 1343 1927 omnes

78 1980 137 2052 ios
163 1985 351 2052 antecellit.
373 1987 453 2054 Ideo
468 1994 557 2054 recte
591 1987 711 2075 exponi
741 1994 851 2074 potest
874 1986 913 2052 de
929 2009 980 2071 eo,
1006 1985 1094 2074 quod
1124 1985 1250 2051 dieitur
1273 1984 1341 2051 Ge·

78 2109 140 2175 esis
171 2110 314 2197 septimo
338 2110 399 2195 (Bp
429 2108 676 2198 Multiplieatae
705 2119 785 2176 suut
811 2132 938 2198 aquae,
971 2115 1007 2177 et
1040 2109 1259 2177 elevaverunt
1284 2130 1339 2175 ar·

78 2254 124 2300 un
146 2234 184 2300 in
208 2233 351 2300 sublime
375 2256 396 2299 a
420 2241 522 2302 terra.
553 2236 645 2301 Arca
667 2235 735 2302 ista
764 2234 883 2300 beatus
910 2234 1086 2312 Joannes,
1111 2233 1147 2300 in
1171 2255 1238 2322 quo
1267 2232 1335 2299 sal·

78 2358 171 2420 ttnm
200 2360 253 2420 est
275 2376 386 2419 semen
420 2355 514 2420 verbi
540 2355 687 2422 Domini.
718 2356 840 2443 Aquae
866 2355 947 2421 illae
981 2354 1226 2443 multiplicatae
1255 2360 1339 2420 sunt

78 2494 141 2565 [na
172 2477 357 2565 sapientiae
384 2478 566 2560 salutaris,
602 2502 686 2567 quae
716 2478 961 2566 multiplicatae
993 2480 1136 2546 fuerunt
1167 2478 1204 2544 in
1238 2477 1338 2544 beato

78 2619 204 2686 nanne;
235 2602 314 2689 quia
336 2603 425 2669 sicut
453 2603 536 2669 dicit
560 2604 778 2690 Augustinus
802 2603 875 2689 (6);
914 2604 1063 2670 Fluenta
1087 2600 1268 2688 Evangelii
1294 2601 1336 2671 de

78 2743 126 2790 iso
148 2700 312 2792 Dominici
341 2725 484 2814 pecturis
497 2726 590 2793 fonte
608 2726 753 2815 potavit.
778 2727 871 2792 Istae
894 2747 1001 2813 aquae
1018 2724 1204 2812 sapientiae
1227 2725 1337 2812 ipsum

78 2856 272 2917 evaserunt
297 2849 332 2914 iu
361 2849 502 2917 sublime
527 2873 626 2938 super
658 2872 772 2916 omnes
800 2854 952 2933 montes,
987 2848 1068 2936 quia
1092 2848 1130 2912 in
1159 2847 1337 2934 evaugelio

78 2965 159 3039 ltius
184 2972 336 3039 omuibus
360 2979 414 3040 est
441 2974 583 3040 locutus.
612 2974 709 3041 Unde
734 2972 819 3040 dicit
840 2973 1077 3059 Augustinus:
1097 2972 1135 3040 Si
1161 2972 1268 3039 altius
1284 2972 1335 3038 in·

78 3095 242 3181 unisset,
264 3104 358 3163 totus
386 3095 528 3165 muudus
552 3120 671 3185 capere
705 3119 772 3163 non
800 3098 976 3185 potuisset.
1005 3097 1071 3165 Sed
1091 3097 1173 3188 quia
1190 3096 1336 3163 doctoris

78 3218 245 3285 oblimitas
274 3221 510 3290 manifestatur
542 3222 578 3288 in
610 3221 819 3289 sublimitate
851 3221 1043 3308 doctrinae,
1081 3232 1173 3290 recte
1198 3220 1335 3290 videtur

78 3342 209 3411 oblimis
230 3345 341 3432 valde,
375 3345 406 3413 si
433 3347 597 3434 evangelii
619 3346 695 3435 ejus
720 3346 911 3415 sublimitas
939 3347 1138 3436 explicetur.

78 3631 103 3680 a)
118 3631 188 3670 vers.
203 3630 222 3678 3,
236 3640 263 3671 ao
277 3602 345 3680 seqq.

78 3710 107 3759 ’2)
118 3711 188 3750 vers.
202 3710 224 3750 8.

78 3795 99 3841 Β)
116 3792 186 3832 Vers.
202 3791 233 3830 1⁰.

78 3874 103 3921 ’4)
120 3871 192 3911 vers.
207 3870 240 3911 19.

78 3954 97 4001 5)
115 3951 189 3990 vers.
207 3950 239 3990 l'l.

78 4034 97 4081 5)
115 4029 270 4080 Augustinus
288 4029 340 4069 slve
355 4028 460 4070 incertus
475 4029 558 4070 auctor
570 4029 669 4080 praelat
683 4029 710 4069 in
722 4029 809 4079 Enna.
824 4030 848 4071 8.
862 4030 947 4071 Joann.

546 4244 837 4257 ἡ
