3022 4844
585 248 629 258 —
656 215 790 280 249-

47 346 181 418 scilieet
204 348 296 436 quod
321 349 430 438 possit
444 349 651 421 distribuere
667 350 857 421 terminum
873 349 931 417 cui
948 348 1152 439 adjungitur
1166 364 1229 440 pro
1255 373 1334 441 spe-

49 470 184 554 ciebus
210 472 263 542 vel
288 494 351 564 pro
374 472 578 571 individuis.
606 480 774 558 Quartum
798 484 848 543 est
872 473 914 542 de
943 473 1097 560 quadam
1122 473 1190 543 alia
1213 474 1333 544 distri-

49 595 206 678 butione,
233 597 364 667 scilicet
386 576 522 669 utruiii'
544 599 652 690 possit
679 598 787 669 teneri
817 596 964 666 divisive
993 597 1044 666 vel
1069 597 1265 680 collective,
1298 611 1334 668 et

50 696 116 790 lioc
140 710 244 791 habet
274 721 390 792 locum
415 723 508 793 circa
539 723 604 793 hoc
634 724 775 815 signum
807 734 905 792 totus.
941 721 1108 806 Quintum
1131 734 1193 804 est,
1213 733 1332 792 utrum

52 844 161 937 possit
188 846 300 937 uccipi
328 858 366 916 ut
396 868 450 917 res
482 847 534 916 vel
564 859 602 917 ut
631 847 779 929 modus,
806 858 838 916 et
868 830 935 916 hoc
967 847 1070 916 habet
1093 846 1208 915 locum
1240 847 1333 915 circa

52 966 118 1038 hoc
146 968 238 1056 quod
268 948 357 1052 dico,
385 973 520 1062 infinito
529 1025 620 1040 .....
637 994 654 1037 »
1273 1052 1279 1059 .

142 1092 284 1162 Desinit:
303 1116 320 1160 «
337 1093 384 1163 ld
409 1094 474 1163 hoe
498 1094 699 1175 dicendum,
734 1094 826 1181 quod
851 1116 970 1164 verum
994 1104 1055 1174 est,
1087 1093 1178 1180 quod
1197 1093 1266 1162 duo
1280 1092 1334 1161 in·

53 1216 179 1286 stantia
202 1236 271 1287 non
302 1218 550 1288 continuantur
578 1217 620 1288 ad
653 1219 824 1298 invicem;
858 1218 917 1287 sed
949 1228 1064 1286 tamen
1104 1231 1242 1307 tempus
1272 1238 1333 1286 su-

10 1362 19 1373 ·
52 1340 229 1431 perfluens
255 1341 299 1411 ab
322 1362 393 1411 uno
418 1342 559 1411 instanti
585 1342 763 1428 usquead
789 1341 896 1422 aliud,
924 1341 1130 1410 continuum
1154 1350 1263 1409 totum
1284 1340 1300 1408 l
1318 1379 1334 1390 -

10 1468 13 1505 ³
52 1464 109 1533 cit.
136 1463 234 1546 Quod
260 1476 375 1535 autem
392 1465 441 1534 ibi
464 1464 565 1535 cadat
588 1464 774 1548 distinctio,
794 1466 859 1535 hoc
882 1487 950 1534 non
975 1476 1025 1533 est
1042 1465 1152 1556 gratia
1169 1464 1334 1554 temporis

31 1586 103 1667 ¹vel
129 1610 147 1659 o
174 1585 270 1678 parte
302 1588 478 1679 temporis,
506 1589 565 1659 sed
599 1590 713 1681 potius
738 1612 758 1658 a
790 1599 886 1679 parte
924 1589 1060 1657 animae
1084 1585 1332 1677 distinguentis

33 1718 85 1781 'e't
107 1712 304 1803 separantis
321 1714 448 1782 ¹unum
480 1714 524 1784 ab
548 1714 666 1784 altero.
700 1719 840 1804 Propter
864 1713 928 1782 hoc
955 1727 1023 1782 non
1049 1711 1216 1798 sequitur,
1238 1710 1331 1797 quod

10 1854 14 1860 ·
52 1834 165 1905 ineis
190 1834 293 1906 luerit
323 1837 551 1928 interruptio,
587 1838 670 1925 quia
707 1851 844 1928 tempus
874 1837 1037 1906 continue
1070 1834 1146 1903 lluit
1183 1834 1225 1903 ab
1263 1854 1335 1902 uno

18 1966 165 2063 ltimue
195 1958 232 2027 in
257 1958 366 2042 aliud,
400 1976 469 2047 quo
495 1971 716 2030 mensuratur
747 1971 854 2030 totum
881 1981 967 2028 esse.
984 1982 1001 2024 v

19 2072 26 2115 ι
33 2084 37 2091 ι

20 2120 29 2177 l

143 2324 179 2389 2.
205 2314 321 2392 Tnecr.
348 2345 387 2391 ur
411 2338 600 2393 unemvorm.
627 2322 765 2413 Incipit:
793 2322 926 2391 «Circe
951 2333 1110 2391 naturam
1143 2320 1336 2411 negationis

43 2454 188 2535 septem
217 2445 456 2536 principaliter
485 2447 726 2534 inquirurvtur3
754 2467 903 2532 quorum
929 2445 1084 2535 primum
1108 2455 1159 2513 est
1182 2444 1224 2513 de
1249 2465 1336 2530 qua-

41 2571 133 2641 dam
173 2568 414 2652 distinctione,
442 2570 591 2651 scilicet,
624 2570 763 2658 quando
793 2569 929 2659 negotio
971 2568 1112 2658 ponitur
1149 2567 1183 2635 in
1214 2567 1335 2635 eadem

43 2693 210 2765 oratione
232 2706 314 2762 cum
344 2694 446 2763 verbo
481 2704 514 2763 et
538 2692 742 2784 participio,
771 2690 954 2782 multiplex
986 2704 1037 2760 est
1067 2691 1195 2770 oratio,
1222 2711 1262 2758 ex
1293 2710 1333 2758 eo

43 2814 147 2909 quod
174 2828 285 2908 potest
315 2816 394 2886 ierri
420 2817 463 2886 ed
489 2818 773 2908 compositionem
798 2816 894 2885 verbi
919 2815 969 2885 vel
995 2813 1179 2904 participii.
1209 2817 1336 2881 Secun-

45 2943 141 3013 dum
171 2952 222 3010 est
244 2939 288 3010 de
318 2942 469 3028 quadam
500 2941 631 3033 regula,
664 2940 794 3011 scilicet
824 2939 964 3026 quondo
997 2937 1195 3006 distributio
1219 2947 1252 3006 et
1276 2958 1337 3005 ne-

49 3065 149 3158 gatio
165 3064 423 3135 concluduntur
446 3065 482 3133 in
499 3064 616 3152 aliqua
632 3058 793 3146 dictione,
813 3063 896 3150 quia
912 3062 958 3132 ad
983 3060 1074 3142 nihil
1103 3059 1211 3130 fertur
1224 3081 1336 3128 unum

50 3190 98 3260 ad
122 3189 218 3277 quod
244 3208 313 3259 non
329 3188 460 3260 feretur
490 3189 676 3276 reliquum.
704 3188 855 3258 Tertium
879 3198 941 3268 est,
960 3186 1100 3275 quando
1124 3183 1261 3275 negatio
1278 3204 1344 3280 pof,

53 3314 155 3383 nitur
182 3313 217 3382 i'n
243 3324 474 3400 consequente
505 3312 741 3394 conditionali,
770 3310 830 3380 illa
860 3310 1098 3401 distinguitur,
1125 3330 1165 3378 ex
1182 3330 1222 3377 eo
1242 3306 1335 3395 quod
1393 3376 1396 3380 .

55 3436 168 3528 possit
201 3457 327 3528 negare
359 3457 574 3523 consequens
597 3435 649 3505 vel
682 3435 976 3522 consequentiam.
1012 3437 1180 3515 Quartum
1212 3443 1263 3501 est
1295 3430 1338 3498 de

55 3560 233 3630 consimili
264 3558 504 3641 distinctione,
531 3557 670 3646 quando
705 3558 846 3648 ponitur
870 3558 904 3625 in
938 3556 1144 3646 copulative.
1172 3554 1337 3638 Quintum

10 3738 19 3773 ᾖ
56 3696 108 3754 est
122 3685 166 3753 de
195 3684 260 3753 hoc
291 3683 384 3770 quod
424 3683 662 3773 distinguitur,
690 3681 820 3751 scilicet
850 3680 942 3768 quod
974 3680 1082 3770 possit
1106 3701 1181 3748 esse
1202 3676 1339 3767 negatio

10 3854 23 3909 'r
57 3807 224 3879 orationis
247 3804 301 3874 vel
333 3805 473 3876 termini
501 3802 642 3874 infiniti.
670 3808 809 3874 Sextum
842 3815 894 3872 est
926 3803 968 3871 de
992 3802 1057 3870 hoc
1088 3799 1181 3887 quod
1214 3797 1339 3869 distin·

57 3929 188 4022 gultur,
214 3928 306 4016 quod
325 3929 434 4020 possit
456 3938 532 3998 esse
556 3927 692 4018 negatio
708 3926 745 3995 in
774 3947 910 4018 genere,
937 3925 988 3994 vel
1018 3935 1113 3993 extra
1142 3944 1264 4014 genus.
1283 3928 1340 3992 Se-

10 4044 32 4153 ξ
58 4052 209 4145 ptilnum
231 4064 266 4121 et
289 4050 452 4122 ultimum
477 4060 528 4120 est
556 4050 599 4120 de
622 4049 774 4138 quadam
804 4047 1046 4128 distinctione,
1073 4068 1162 4134 quae
1186 4045 1224 4116 fit
1247 4045 1339 4116 circs

10 4158 33 4265 i.
58 4176 121 4249 loc
144 4176 294 4246 verbum
316 4188 455 4264 nepotc.

145 4298 280 4369 «uiros
302 4296 457 4389 primum
481 4298 531 4368 stc
555 4295 762 4388 proceditur,
788 4306 821 4365 et
844 4293 1033 4382 quaeritur,
1051 4306 1170 4362 uuum
1194 4292 1256 4361 illa
1279 4292 1334 4359 di-
