3022 4844
572 266 616 275 -
641 232 705 296 t53
729 267 773 276 -

10 372 195 459 lugerent
218 392 331 437 eorum
356 369 495 436 inimici.
521 369 635 435 Tubae
666 368 701 435 in
725 369 878 437 manibus
910 375 961 437 est
990 372 1195 459 praedicatio
1227 377 1314 442 veri-

10 496 125 580 catis,
151 494 354 581 lagunculae
381 495 569 561 confractae
589 501 670 560 sunt
688 493 797 561 sancti
823 500 1002 582 martyres,
1030 496 1201 582 lampades
1224 522 1317 566 coru-

10 626 166 687 scantes
190 624 270 684 sunt
302 617 465 685 miracula
495 623 698 703 sanctorum,
735 640 821 705 quae
856 626 1031 685 remanent
1066 628 1141 707 post
1171 622 1319 709 ipsorum

10 742 255 830 martyrium:
289 742 343 810 vel
377 741 548 830 lampades
586 748 799 809 coruscantes
821 748 962 829 possunt
994 743 1060 809 dici
1095 745 1319 813 charitativae

11 868 240 952 affectiones,
275 889 359 954 quae
393 872 530 934 manent
559 866 741 935 destructis
770 867 974 954 corporibus.
1002 868 1110 954 Unde,
1148 870 1318 937 confracto

13 1014 172 1081 corporo
203 990 292 1060 beati
328 990 510 1078 Stephani,
550 991 712 1059 remansit
736 990 941 1058 charitativa
965 992 1098 1059 affectio
1133 993 1218 1080 ejus,
1259 1017 1320 1081 per

18 1138 137 1205 qnam
174 1137 352 1183 conversus
389 1121 441 1183 est
474 1115 624 1200 Saulus,
665 1114 745 1203 quia
792 1114 892 1182 fortis
939 1122 990 1182 est
1036 1123 1075 1183 ut
1109 1140 1197 1184 mors
1236 1118 1318 1184 dile-

18 1240 102 1308 otio
137 1245 203 1313 etc.
240 1240 302 1325 (1).
341 1240 388 1306 Et
424 1246 559 1327 propter
596 1239 657 1306 hoc
692 1239 775 1306 dicit
808 1239 992 1327 Apostolus
1027 1242 1101 1325 (2):
1140 1241 1224 1323 Quis
1258 1263 1318 1308 nos

20 1361 207 1450 separabit
232 1384 252 1427 a
274 1362 440 1428 charitate
463 1362 612 1429 Christi?
636 1361 837 1447 Tribulatio,
876 1368 938 1430 etc.
971 1362 1018 1429 Et
1040 1363 1076 1458 in
1099 1363 1247 1431 Canticis
1268 1366 1316 1447 (3)

19 1486 180 1563 dicitur:
214 1486 400 1574 Lampades
441 1485 537 1573 ejus,
586 1486 756 1573 lampades
788 1486 898 1572 ignis;
947 1509 1052 1575 aquae
1086 1487 1213 1553 multae
1251 1509 1318 1552 non

23 1616 220 1699 potuerunt
244 1612 439 1696 extinguere
465 1610 677 1677 charitatem.
704 1610 769 1678 Sed
800 1616 957 1679 econtra
990 1611 1090 1678 multi
1114 1616 1193 1677 sunt
1215 1611 1320 1677 fortes

27 1756 94 1823 per
117 1733 233 1800 odium
264 1732 467 1821 iniquitatis,
493 1756 559 1800 non
592 1755 652 1820 per
674 1755 818 1801 amorem
849 1734 1038 1819 charitatis,
1066 1735 1106 1801 de
1128 1734 1250 1822 quibus
1282 1733 1320 1798 in

30 1856 124 1925 libro
148 1856 340 1942 Sapientiae
357 1858 426 1942 (4):
459 1857 691 1945 Opprimamus
721 1857 830 1924 virum
861 1880 1049 1945 pauperem,
1076 1881 1142 1924 non
1165 1857 1319 1924 miserea-

32 2004 113 2049 mur
135 1980 255 2047 viduae
278 1986 342 2047 eto.

130 2103 262 2184 Quarto
284 2103 352 2170 init
374 2104 473 2171 fortis
500 2104 543 2170 ad
576 2103 736 2171 exercitia
761 2102 1018 2171 multiformium
1041 2104 1235 2170 meritorum
1260 2126 1319 2192 per

38 2224 195 2294 habitum
220 2226 498 2315 quadriformium
521 2227 689 2294 virtutum
715 2226 946 2310 cardinalium,
978 2227 1065 2315 quod
1092 2228 1262 2314 figuratur
1284 2226 1320 2292 in

37 2348 126 2417 libro
166 2348 300 2436 Regum
332 2350 403 2435 (5),
437 2350 495 2415 ubi
526 2349 666 2417 dicitur:
697 2351 788 2417 Deus
826 2350 882 2437 qui
914 2349 1061 2437 accingit
1094 2373 1145 2416 me
1182 2350 1318 2417 fortitu·

36 2472 138 2558 dine,
178 2479 214 2540 et
250 2474 492 2562 complantavit
516 2482 555 2541 ut
577 2475 758 2563 perfectam
795 2473 885 2541 viam
909 2497 1025 2541 meam.
1051 2475 1127 2541 Non
1154 2474 1321 2541 enim'est

32 2596 205 2665 fortitudo
236 2596 308 2663 sine
338 2597 459 2665 habitu
485 2598 589 2665 trium
618 2598 783 2665 virtutum
813 2598 1048 2685 cardinalium,
1086 2598 1215 2664 scilicet
1248 2598 1320 2662 sine

30 2718 273 2809 temperantia,
301 2719 439 2807 justitia
467 2727 503 2789 et
534 2721 725 2808 prudentia,
753 2726 788 2788 et
821 2722 893 2788 eins
917 2721 1037 2789 habitu
1064 2721 1169 2789 trium
1192 2719 1318 2785 theolo-

28 2844 203 2933 gicarum,
236 2842 364 2910 scilicet
386 2844 476 2931 fidei,
509 2844 579 2932 spei
602 2850 637 2911 et
659 2843 854 2930 charitatis;
880 2843 967 2933 quod
988 2845 1155 2930 figuratur
1177 2844 1213 2908 in
1235 2841 1320 2909 Can·

27 2970 95 3037 tic.
123 2969 200 3053 (6),
227 2965 285 3033 ubi
308 2966 453 3055 dicitur,
483 2968 570 3058 quod
610 2968 734 3036 lectum
757 2969 944 3035 Salomonis
967 2968 1120 3033 ambiunt
1143 2965 1321 3052 sexaginta

23 3094 161 3177 fortes3
203 3092 240 3158 in
276 3116 341 3181 quo
380 3093 551 3178 figuratur
582 3098 617 3160 et
646 3092 811 3160 fortitudo
846 3113 931 3181 quae
963 3091 1064 3157 habet
1100 3090 1319 3156 annexionem

20 3216 76 3287 ad
107 3220 186 3283 tres
214 3215 361 3283 virtutes
394 3216 481 3283 alias
517 3215 714 3302 cardinales,
748 3221 783 3283 et
819 3213 1039 3300 theologicas,
1072 3236 1157 3301 quae
1190 3213 1320 3279 faciunt

19 3337 211 3411 senarium
233 3362 420 3425 numerum,
445 3362 529 3429 quae
552 3340 696 3407 virtutes
719 3362 776 3406 sex
798 3338 957 3406 reductae
980 3361 1038 3427 per
1057 3338 1240 3418 denarium,
1262 3336 1321 3425 qui

17 3472 83 3535 est
118 3463 364 3531 consummatio
398 3466 448 3551 (7)
479 3464 641 3551 decalogi,
677 3465 807 3531 faciunt
842 3486 1018 3531 numerum
1051 3462 1317 3549 sexagenarium.

55 3786 90 3837 (1)
107 3783 182 3825 cant.
196 3784 215 3830 8,
229 3794 252 3826 v.
266 3786 288 3827 6.

52 3866 87 3915 (2)
104 3862 146 3903 Ad
159 3864 228 3903 Rom.
242 3865 262 3911 8,
275 3874 298 3903 v.
312 3866 345 3904 35.

54 3944 89 3994 (8)
109 3942 171 3991 Gap.
186 3944 205 3987 8,
218 3953 242 3981 v.
256 3944 276 3988 o,
292 3944 310 3982 τ.

54 4028 89 4077 (4)
107 4024 168 4073 cap.
183 4026 293 4071 a,v.1⁰;
307 4026 378 4075 vulg.
392 4024 559 4074 opprimamus
573 4034 702 4074 pauperem
712 4025 808 4076 jocatum,
823 4026 847 4064 et
862 4035 910 4065 non
922 4037 1045 4076 parcuntur
1058 4028 1151 4067 viduae.

53 4108 89 4155 (5)
107 4104 197 4153 ssRess.
211 4113 262 4152 cap.
276 4106 309 4151 22,
322 4115 344 4144 v.
358 4106 395 4150 a&
411 4105 479 4155 vulg.
497 4106 562 4144 Deus
577 4105 619 4153 qui
632 4102 727 4144 areima
747 4115 785 4144 me
807 4105 956 4151 tortitudine,
977 4107 1001 4146 ot
1021 4106 1166 4156 complanavit
1190 4105 1319 4153 perfectam

18 4192 100 4233 vlam
119 4196 207 4227 meam.

56 4270 90 4319 (o)
108 4267 167 4315 cop.
182 4267 203 4312 8,
216 4276 240 4305 v.
255 4266 279 4311 Ἠ
292 4267 347 4307 Kos.
361 4268 426 4315 quod
441 4266 589 4316 figurabatur
602 4268 629 4307 in
643 4269 698 4308 libro
712 4269 801 4318 Regum.

54 4349 89 4399 (ἵ)
106 4346 169 4387 Me!-
183 4344 268 4385 most:
282 4348 423 4387 omnmo.
529 4344 532 4349 ’

301 4488 306 4495 -
398 4508 403 4513 .
425 4460 540 4523 ..Isis-,¹

419 4507 526 4573 uffan*
543 4552 546 4557 -

434 4580 437 4585 “
462 4592 468 4599 ,
479 4584 496 4603 ι.
536 4588 540 4595 ι
