3022 4844
761 238 893 304 -eoe
915 272 959 287 -

253 329 256 335 ’
352 377 483 438 nmmo
503 375 702 438 vnmonnn
1080 374 1255 437 coneus

341 511 415 586 Pop.
431 511 571 584 314,.ool.
590 515 617 585 1,
635 511 678 570 lit.
694 509 723 569 d.

273 687 468 762 Spiritualiter
479 687 635 746 notandum
649 687 718 760 quid
729 688 766 746 sit
776 687 831 746 iste
911 687 1107 760 Spiritueliter
1123 687 1281 745 notandum
1295 687 1362 761 quis
1375 686 1465 745 sitieto
1499 750 1501 757 ,

232 776 310 837 sol...
327 774 375 834 Sol
390 776 443 834 iste
466 781 510 834 est
530 771 695 834 Christus...
710 775 769 834 lete
789 775 832 833 sol
872 775 949 833 sol...
970 775 1018 834 Sol
1032 775 1087 834 iste
1109 781 1153 835 est
1168 773 1412 835 christus...1ste
1430 772 1463 836 tol
1485 788 1501 853 ..ζ

233 863 363 922 oriturin
375 862 830 922 nativitateadilluminendum...
872 861 965 921 oritur
975 863 1004 921 in
1014 866 1166 925 sauvitate
1178 864 1215 923 ad
1225 861 1460 923 illuminandum...
1485 870 1501 949 'i

233 951 340 1010 occidit
353 953 382 1008 in
403 953 536 1025 passione
550 952 587 1010 ad
603 951 830 1011 redimendum...
871 951 978 1010 occidit
991 953 1020 1010 in
1033 953 1166 1025 passione
1185 953 1224 1011 ud
1240 950 1456 1011 redimendum..
1481 954 1501 1021 J

233 1039 271 1098 ed
284 1041 377 1098 locum
392 1056 474 1098 suum
498 1043 656 1100 revertitur
678 1041 707 1098 in
735 1056 832 1099 escen·
874 1039 912 1098 ed
931 1041 1025 1098 locum
1040 1058 1125 1101 sunm
1148 1042 1306 1100 revertitur
1326 1042 1357 1099 in
1374 1042 1454 1098 oscen·

234 1129 343 1187 sione...
369 1134 456 1202 gyrat
479 1144 533 1201 per
553 1128 702 1187 meridiem
720 1130 782 1200 jem
802 1130 831 1186 in
866 1126 990 1208 sione...
1007 1136 1093 1203 gyrat
1116 1147 1167 1203 per
1194 1129 1344 1189 meridiem
1372 1124 1454 1186 irio
1478 1188 1482 1211 ἰ

233 1215 357 1276 ferventi
371 1223 533 1276 sanctorum
545 1216 729 1276 dilectione...
743 1213 834 1275 fleoti-
874 1217 951 1275 venti
964 1224 1127 1276 sanctornm
1146 1217 1318 1277 dilectione.
1335 1259 1343 1276 .
1358 1261 1365 1275 .
1379 1213 1453 1274 flet-
1473 1290 1477 1295 Ι

130 1362 133 1367 .
232 1313 281 1364 tur
295 1304 332 1362 ad
346 1306 507 1377 aquilonem
525 1307 555 1364 in
569 1313 698 1366 extremo
722 1304 830 1364 exemi·
869 1309 918 1363 tur
941 1304 979 1363 ad
1002 1304 1164 1379 aquilonem
1189 1308 1219 1363 in
1250 1312 1378 1365 extremo
1402 1318 1452 1362 em·

121 1406 128 1414 ·
232 1409 283 1451 ne:
298 1392 345 1451 Ab
360 1395 491 1467 aquilone
510 1395 653 1470 pandetur
666 1403 750 1455 omne
771 1412 831 1455 me·
873 1394 967 1452 mine:
992 1394 1039 1453 Ab
1065 1396 1198 1467 aquilone
1225 1393 1369 1468 pendetur
1389 1405 1452 1451 omno

234 1481 295 1539 lum
319 1479 365 1557 (1)
379 1480 403 1539 *.
429 1479 551 1556 Spiritus
575 1484 630 1542 iste
655 1484 780 1542 lustrans
805 1484 835 1541 in
875 1481 991 1540 malum.
1008 1482 1181 1541 Moralitor:
1199 1481 1306 1543 Oritur
1318 1481 1398 1542 soiin
1410 1478 1451 1537 bc·

235 1570 355 1628 circuitu
369 1577 414 1630 est
427 1571 552 1645 Spiritus
566 1577 693 1646 sanctus,
709 1573 758 1645 qui
771 1571 836 1631 ideo
875 1572 995 1644 ptismo,
1021 1569 1124 1629 occidit
1144 1585 1196 1642 per
1221 1575 1381 1644 peccatum,
1393 1564 1452 1628 eici

170 1732 173 1737 Α
234 1658 359 1717 lustrare
372 1658 486 1732 dicitnr,
503 1661 607 1732 quio...
875 1659 969 1718 locum
983 1675 1069 1718 suom
1088 1659 1243 1719 revertitur
1264 1674 1317 1732 per
1331 1658 1452 1731 poeniten·

877 1747 957 1806 tiam.
976 1747 1031 1806 Per
1045 1746 1250 1821 poenitentiam
1264 1749 1363 1822 pyroi,
1383 1744 1409 1803 id
1420 1747 1453 1803 cet

878 1851 983 1910 gyrare
996 1834 1067 1894 iacit
1077 1852 1132 1908 per
1143 1834 1303 1908 meridiem,
1324 1834 1354 1892 id
1367 1839 1406 1892 est
1415 1844 1455 1905 per

876 1924 953 1983 bone
977 1940 1064 1997 opere
1078 1924 1123 1982 vol
1145 1939 1334 1996 supernorum
1356 1919 1455 1995 gaudio·

877 2028 940 2072 rum
955 2011 1221 2071 consideratiorem.
1238 2011 1381 2070 Firmior
1390 2007 1424 2068 od
1433 2024 1457 2067 o·

879 2102 1023 2176 polionem
1048 2117 1101 2173 per
1123 2100 1312 2159 adversorum
1343 2098 1459 2157 tolleren-

878 2191 958 2262 tiam,
969 2190 1013 2248 vel
1023 2205 1075 2262 per
1085 2194 1266 2248 aeternorum
1275 2187 1461 2260 suppliciorum
1484 2246 1501 2283 ,1

876 2277 1145 2338 considerationem.
1170 2276 1323 2338 Lustrons
1344 2276 1462 2336 amoeno
1499 2294 1501 2317 ÷

872 2367 972 2442 perpit
992 2367 1124 2440 spiritus,
1147 2365 1215 2440 quie
1230 2364 1362 2425 Christus
1380 2363 1464 2435 ntique

877 2455 1040 2535 illuminans
1055 2459 1175 2527 pergere
1191 2451 1263 2512 iecit
1277 2452 1315 2512 de
1328 2451 1462 2512 uirtutein

879 2546 1033 2613 virtutom3
1048 2546 1075 2602 et
1093 2544 1126 2602 to
1139 2542 1267 2602 circulos
1280 2558 1350 2602 suos
1366 2539 1466 2600 reverti·

880 2636 941 2706 tor,
954 2631 986 2691 id
998 2639 1044 2690 est
1056 2633 1161 2691 reverti
1175 2628 1248 2690 iacit
1261 2637 1378 2690 sanctos
1394 2629 1427 2687 de
1443 2641 1469 2687 rc

881 2720 919 2779 nd
933 2736 974 2794 se,
990 2719 1027 2778 de
1038 2717 1203 2792 seiustond
1213 2716 1469 2789 mmmm,

881 2810 917 2867 de
931 2825 961 2867 se
974 2807 1115 2882 principio
1136 2806 1174 2866 nd
1188 2823 1221 2866 se
1233 2805 1334 2866 finem.
1362 2806 1474 2881 spirit·
1488 2840 1492 2847 -

880 2900 935 2957 iste
954 2897 1080 2956 lustrans
1094 2903 1139 2955 est
1153 2896 1285 2970 Spiritus
1299 2903 1425 2969 muetos,
1435 2892 1475 2970 qni

881 2986 945 3045 ideo
965 2986 1090 3045 lustrare
1111 2984 1232 3059 dicitur,
1247 2987 1354 3060 quia...
