3022 4844
604 260 800 324 -263-

91 428 95 434 ·
157 395 322 483 Reliquae
345 397 381 465 in
404 397 560 488 ejusdem
586 408 689 488 caput
720 409 753 467 et
784 397 913 467 librum
946 409 1047 483 atquo
1079 396 1115 465 in
1149 397 1255 467 libros
1288 422 1341 465 so-

84 532 212 591 flentes
235 521 438 611 'topicorum
463 522 680 609 quaestiones
703 522 954 596 desiderantur.

162 898 213 963 12.
239 901 461 978 Quaesumus
485 918 584 965 suana
609 920 689 966 tran.
716 921 755 965 un
780 918 1009 966 oananarroua.
1030 896 1136 986 [ncip.
1164 918 1182 960 a
1199 896 1341 977 Quaeri-

84 1034 131 1085 ΙΙ·
150 1038 194 1087 an
217 1018 362 1088 scientia
384 1019 504 1089 debeat
531 1042 605 1090 esse
631 1020 673 1089 de
703 1020 891 1112 generabili
918 1032 952 1091 et
979 1019 1208 1110 corruptibili
1234 1030 1268 1088 et
1293 1021 1341 1087 vi-

84 1154 176 1213 etur
194 1144 285 1231 quod
310 1165 400 1225 non,
428 1166 488 1235 per
512 1144 748 1214 definitionem
776 1144 950 1215 scientiae.
979 1144 1064 1213 Dicit
1091 1144 1184 1211 enim
1217 1145 1341 1213 Aristo-

85 1260 169 1345 3les‚
184 1264 278 1352 quod
294 1265 437 1334 scientia
452 1276 503 1335 est
516 1287 651 1346 eorum,
669 1286 758 1353 quae
772 1288 842 1335 non
859 1275 1004 1357 possunt
1028 1287 1064 1334 se
1077 1265 1176 1333 aliter
1190 1264 1336 1343 habere;

85 1386 138 1457 ul
161 1388 357 1479 generabile
388 1401 420 1459 et
459 1390 682 1481 corruptibile
706 1410 776 1459 non
808 1401 892 1459 suut
914 1389 1136 1479 hujusmodi3
1162 1410 1243 1479 ergo
1274 1400 1337 1457 etc.

162 1515 404 1606 «Oppositum
439 1515 604 1605 probatur
636 1516 698 1583 sie.
731 1518 778 1585 De
800 1514 987 1585 universali
1011 1526 1061 1583 est
1086 1513 1228 1582 scientia
1255 1525 1340 1582 tam-

85 1652 177 1719 [tum
200 1639 242 1708 de
267 1640 440 1730 subject0;
467 1641 527 1710 sed
556 1639 729 1731 generatio
752 1650 784 1709 et
820 1639 994 1729 corruptio
1034 1648 1280 1729 perpetuantur
1304 1638 1338 1705 in

85 1758 277 1843 miversali3
304 1786 384 1855 ergo
415 1765 545 1834 ratione
577 1764 673 1834 illius
702 1764 927 1839 universalis,
953 1763 996 1831 de
1024 1762 1095 1829 illis
1126 1772 1233 1852 potest
1266 1784 1341 1831 esse

86 1878 225 1967 atentia,
251 1888 341 1973 quod
371 1888 628 1958 concedendum
659 1900 721 1958 est.

159 2034 178 2075 a
205 2010 250 2079 ad
267 2013 431 2082 rationem
446 2014 482 2082 in
505 2014 714 2104 oppositum,
732 2012 930 2092 dicendum,
955 2012 1045 2097 quod
1064 2010 1275 2100 impossibile
1290 2022 1341 2081 est

86 2120 174 2205 liter
197 2156 234 2203 se
261 2135 394 2218 habere,
424 2151 531 2229 potest
555 2162 629 2208 esse
657 2139 794 2209 duobus
811 2138 934 2207 modis.
953 2142 1015 2205 Aut
1039 2136 1205 2215 absolute,
1232 2138 1339 2205 etsie

86 2272 141 2329 On
166 2258 316 2349 exigitur
335 2263 376 2331 ad
406 2264 596 2345 scientiam,
625 2285 734 2349 nequa
763 2262 853 2330 cadit
874 2263 908 2329 in
935 2261 1133 2329 definitione
1158 2260 1336 2335 scientiae:

86 2396 131 2455 at
161 2394 319 2475 respectu
351 2410 432 2457 suae
467 2410 615 2468 causae,
657 2400 689 2456 et
720 2388 783 2458 boo
815 2386 917 2457 modo
953 2385 1044 2455 cadit
1082 2386 1116 2453 in
1141 2386 1340 2455 delinitione

86 2506 248 2581 aeonae.
274 2517 309 2579 Et
331 2511 379 2579 sic
400 2514 442 2581 de
467 2512 746 2603 contingentibus
776 2522 884 2603 potest
911 2533 985 2581 esse
1009 2510 1163 2587 seientia,
1190 2523 1222 2578 et
1246 2512 1342 2579 simi·
1411 2526 1415 2535 ⁴

86 2640 147 2708 ter
160 2637 206 2706 de
220 2635 473 2726 garrerabilibus
487 2650 519 2706 et
533 2636 816 2727 corruptibilibus
831 2636 894 2705 boc
911 2632 1014 2703 niodo
1035 2643 1086 2701 est
1110 2633 1294 2702 scientia...
1322 2657 1340 2697 a

159 2760 309 2831 Desinit:
329 2783 346 2825 «
371 2761 567 2845 Dicendum,
583 2763 674 2851 quod
691 2784 876 2854 possumus
892 2760 986 2846 loqui
1009 2759 1050 2827 de
1068 2758 1233 2827 reditione
1248 2758 1341 2847 ejus-

87 2902 146 2957 am
173 2886 209 2955 in
236 2885 328 2953 idem
353 2885 545 2976 dupliciter.
571 2893 635 2957 dut
667 2897 838 2973 quantum
870 2885 912 2954 ad
936 2905 1105 2975 generans
1134 2894 1166 2949 et
1199 2902 1341 2972 genera-

87 3026 156 3095 tm,
189 3024 223 3080 et
251 3012 300 3080 sic
326 3021 376 3080 est
405 3011 526 3081 similis
559 3012 679 3082 reditio
716 3013 750 3080 in
786 3010 965 3095 clement-js
995 3020 1028 3077 et
1063 3005 1274 3076 animalibus
1308 3020 1340 3076 et

87 3126 225 3217 lautis,
258 3148 290 3203 ot
314 3135 378 3204 boc
410 3136 554 3206 intendit
586 3138 621 3206 in
647 3137 770 3217 litera3
795 3145 855 3205 aut
879 3144 1013 3203 tantum
1038 3155 1078 3201 ex
1101 3153 1169 3217 quo
1194 3153 1339 3221 genera-

87 3274 143 3329 [m
173 3272 236 3341 est,
263 3270 295 3329 et
324 3257 373 3328 sic
397 3260 507 3350 major
536 3274 585 3331 est
610 3261 731 3331 reditio
754 3260 792 3329 in
819 3256 1017 3337 elementis,
1051 3278 1155 3343 quam
1189 3255 1225 3322 in
1263 3256 1340 3323 ani-

87 3383 224 3454 talibus
247 3394 279 3452 et
304 3382 441 3473 plantis,
459 3386 620 3471 quoniam
638 3396 707 3456 tota
721 3383 864 3452 materia
877 3393 929 3451 est
947 3382 983 3449 in
999 3380 1217 3471 generatione
1234 3380 1341 3448 unius

87 3502 232 3579 lementi
256 3520 289 3577 et
312 3508 531 3598 corruptione
562 3511 712 3581 alterius.
754 3507 817 3577 Sed
846 3507 882 3575 in
917 3505 1128 3575 animalibus
1162 3515 1341 3595 separatur

88 3656 162 3717 ars,
188 3656 278 3720 quae
308 3653 498 3717 numquam
524 3632 589 3727 fuit
612 3634 710 3703 uuita
738 3630 970 3707 substantiae,
1001 3629 1061 3699 sed
1084 3637 1135 3697 est
1159 3628 1338 3697 residuum

88 3758 255 3829 xultima
288 3756 489 3847 digestione,
516 3766 559 3829 ut¹
578 3768 669 3848 patet
695 3758 730 3826 in
761 3756 848 3825 libro
872 3755 914 3823 de
939 3730 1160 3823 animalibus.
1188 3778 1206 3817 »

156 4136 211 4200 13.
245 4137 468 4214 Quassuouas
499 4153 597 4200 suasa
637 4152 783 4210 ouaruon
816 4111 925 4200 aranos
961 4148 1206 4197 uurunonoauu.
1252 4125 1343 4194 luci-

89 4257 133 4328 it:
161 4280 180 4323 a
205 4254 408 4340 Quaeritur,
433 4266 553 4327 utrum
569 4254 727 4326 'scientia
760 4255 885 4325 tradita
916 4255 960 4325 sit
991 4251 1133 4321 scientia
1157 4249 1339 4320 naturalis

88 4381 162 4453 uod
188 4403 257 4451 non
275 4380 421 4465 videtur,
446 4382 526 4469 quia
553 4394 677 4451 natura
700 4392 750 4450 est
772 4380 985 4473 principium
1010 4388 1124 4449 motus
1147 4387 1180 4447 et
1202 4374 1339 4463 qnietis;
