3022 4844
58 101 160 169 dicit
184 101 348 168 Dominus
364 103 432 187 (1):
459 100 623 170 Videbam
647 109 799 168 satanam
824 100 919 188 quasi
947 100 1065 187 fulgur
1102 99 1142 165 de
1179 100 1268 167 coelo
1304 99 1359 165 de·

59 225 300 293 scendentem.
326 225 363 292 si
386 225 527 312 incipias
549 224 725 309 invidere,
750 225 856 290 facias
877 224 1078 308 circuitum,
1116 230 1151 289 ct
1185 223 1262 287 vide
1285 245 1360 310 quo·

62 348 174 416 modo
199 349 280 416 Cain
303 353 493 436 prostratus
516 354 584 432 est;
610 348 730 413 melius
752 354 805 413 cst
827 348 898 434 pati
922 370 995 413 cum
1018 346 1106 411 Abel
1130 345 1235 433 justo,
1262 370 1362 433 quam

63 496 153 543 cum
175 473 261 541 Cain
284 472 466 540 excruciari
499 472 535 538 in
569 472 712 539 inferno.
750 473 915 539 Similiter
937 472 966 537 si
990 472 1142 538 diabolus
1166 473 1256 538 dicat
1279 471 1355 557 tibi,

66 596 208 684 injuria
229 604 282 665 est
303 597 367 665 tibi
389 599 492 684 facta,
517 597 691 682 irascaria;
729 597 807 663 vide
840 598 1060 681 Pharaonem,
1088 597 1145 685 qui
1167 595 1359 662 submersus

66 722 190 789 estin
211 723 297 789 mari
318 722 433 789 rubro.
466 722 631 789 Similiter
666 721 696 787 si
729 721 874 788 tentaris
897 722 938 788 de
961 721 1099 802 accidia,
1125 721 1212 810 quod
1236 720 1358 786 bonum

67 851 128 912 est
150 866 224 911 esse
246 846 401 932 otiosum,
420 836 479 912 'fac
509 845 710 930 circuitum„
736 849 771 911 et
804 846 881 912 vide
917 845 1077 933 quomodo
1111 844 1264 911 Isboseth
1299 841 1357 930 qui

69 966 265 1037 dormiebat
286 970 330 1035 in·
345 971 399 1037 die
422 969 624 1038 latrunculis
646 970 845 1037 interfectus
867 975 931 1036 est.
957 968 994 1035 Si
1017 968 1070 1035 vis
1092 966 1293 1055 opulentam,
1319 966 1355 1031 in

67 1114 141 1181 quo
165 1092 248 1161 vitio
270 1093 423 1160 diabolus
450 1094 613 1161 virtutem
646 1093 828 1181 protendit,
856 1093 984 1180 cogitat
1007 1092 1104 1157 homo
1128 1090 1216 1179 quod
1246 1090 1355 1156 multa

68 1214 162 1283 bona
184 1216 286 1284 faciet
318 1224 354 1285 et
375 1240 442 1285 non
477 1217 573 1285 daret
606 1241 707 1285 unam
741 1219 1005 1304 eleemosynam
1030 1215 1294 1293 succinendum,
1320 1221 1355 1281 et

69 1338 149 1409 vide
173 1340 314 1409 divitem
336 1342 394 1430 qui
418 1342 521 1410 dixit:
547 1343 672 1408 Anima
695 1365 789 1427 mea,
817 1343 925 1407 multa
958 1341 1045 1434 bona
1081 1340 1183 1405 habes
1217 1338 1252 1404 in
1279 1338 1353 1425 plu·

67 1462 176 1529 rimos
199 1486 315 1532 annos.
341 1466 386 1531 Et
409 1464 536 1531 dictum
569 1473 622 1533 est
655 1465 701 1532 ei:
740 1466 865 1546 Stulte,
903 1466 965 1530 hac
988 1438 1084 1530 nocte
1106 1469 1258 1550 repetent
1280 1462 1352 1527 ani·

67 1608 162 1653 mam
185 1593 280 1654 tuam
303 1610 324 1653 a
347 1590 456 1674 teu).
489 1589 526 1657 Si
541 1589 685 1656 tentaris
708 1589 748 1656 de
771 1590 875 1675 gula,
902 1589 978 1655 vide
1005 1588 1146 1654 divitem
1168 1586 1353 1674 Epulonem

69 1711 132 1801 qui
156 1718 209 1778 est
231 1712 268 1777 in
290 1712 433 1799 inferno,
470 1720 506 1781 et
539 1714 706 1780 Lazarum
729 1714 786 1801 qui
810 1736 898 1780 nuno
921 1720 972 1779 est
995 1713 1031 1778 in
1053 1713 1155 1779 coelo.
1182 1710 1219 1777 Si
1241 1718 1352 1777 tenta·

67 1834 120 1903 ris
142 1834 185 1900 de
207 1833 354 1920 luxuria,
381 1835 493 1923 cogita
527 1837 614 1925 quod
648 1859 714 1903 non
747 1837 856 1903 solum
890 1836 925 1902 in
959 1837 1087 1918 futuro,
1114 1835 1172 1900 sed
1196 1834 1231 1899 in
1255 1855 1348 1921 praa·

65 1958 161 2025 senti
185 1958 351 2025 hominem
374 1959 486 2026 reddit
508 1960 741 2048 despicabilem
771 1967 807 2029 et
840 1948 1031 2026 hominibus
1054 1960 1214 2042 odiosum,
1242 1964 1276 2023 et
1299 1963 1348 2023 te·

68 2104 154 2149 neas
177 2083 380 2149 castitatem.
406 2083 461 2151 Sic
483 2084 634 2150 faciendo
667 2092 792 2172 septem
817 2085 988 2169 circuitus,
1017 2083 1116 2149 debes
1141 2084 1268 2152 vincere
1291 2103 1350 2168 per

66 2206 184 2292 fidem,
210 2207 289 2295 quia
312 2206 419 2273 sancti
441 2230 501 2295 per
523 2207 622 2274 fidem
646 2209 800 2274 vicerunt
836 2230 964 2295 regna,
1002 2207 1130 2295 operati
1154 2212 1233 2272 sunt
1254 2204 1352 2290 justi-

66 2329 176 2413 tiam,
218 2336 252 2396 et
293 2329 405 2418 adepti
445 2331 733 2418 repromissionem
763 2334 825 2417 (3).
867 2332 1007 2418 Oportet
1049 2332 1159 2417 igitur
1199 2350 1350 2416 pugnare

63 2476 146 2519 cum
170 2451 314 2537 diabolo,
341 2453 393 2521 vel
416 2475 487 2519 esse
510 2476 627 2521 servus
650 2454 786 2520 diaboli.
813 2454 992 2520 Philistaei
1009 2453 1211 2535 Samsonem,
1230 2451 1352 2517 amissa

63 2576 274 2643 fortitudine
297 2598 369 2661 sua,
396 2577 548 2644 fecerunt
570 2600 645 2643 eum
669 2578 791 2643 molere
809 2579 870 2662 (4).
898 2577 1106 2643 Philisthiim
1130 2577 1352 2662 interpretan-

63 2710 130 2768 tur
153 2699 323 2787 lingentes
355 2702 563 2788 sanguinem,
590 2707 625 2767 et
647 2699 785 2786 signant
808 2701 1046 2768 delectationes
1077 2700 1240 2784 carnales,
1267 2721 1351 2788 quae

63 2846 139 2891 non
173 2829 255 2890 sunt
288 2823 353 2888 nisi
387 2823 633 2891 circulationes.
671 2824 779 2890 Hodie
802 2825 945 2891 comedit
979 2826 1087 2909 homo,
1120 2832 1154 2890 et
1177 2846 1251 2890 cras
1273 2824 1349 2891 vult

59 2947 253 3032 comedere,
277 2953 313 3014 et
335 2946 573 3014 delectationes
601 2948 751 3014 carnales
774 2948 904 3016 faciunt
928 2948 1093 3015 bominem
1116 2948 1256 3014 circuire
1278 2970 1346 3013 mc·
1374 3020 1376 3024 ,

61 3070 153 3139 lam.
178 3068 226 3136 Et
246 3074 382 3156 propter
404 3069 466 3136 hoo
488 3070 572 3137 dicit
593 3071 700 3138 Isaiae
716 3072 784 3157 (5):
824 3073 896 3140 Vae
925 3072 982 3159 qui
1005 3077 1157 3158 potentes
1190 3071 1271 3136 estis
1306 3069 1349 3136 ad

60 3191 253 3261 bibendum
289 3192 430 3278 vinum,
474 3199 510 3260 et
542 3194 609 3260 viri
649 3194 754 3261 fortes
789 3196 832 3260 ad
866 3194 1095 3279 (miscendam)
1139 3193 1347 3260 ebrietatem·

63 3314 220 3397 Quidam
254 3313 295 3381 de
317 3336 494 3402 synagoga
527 3324 745 3384 surrexerunt
769 3317 980 3404 disputantes
1011 3340 1085 3383 oum
1108 3316 1290 3403 Stephano,
1315 3327 1351 3383 et

59 3460 137 3507 non
159 3443 317 3526 poterant
348 3439 505 3506 resistere
528 3439 711 3526 sapientiae
734 3446 769 3506 et
792 3440 930 3526 spiritui
953 3439 1011 3528 qui
1034 3440 1244 3529 loquebatur,
1270 3437 1350 3526 quia

56 3562 312 3648 circumseptus
347 3561 417 3629 fuit
449 3568 622 3629 armatura
644 3563 719 3630 Dei.
745 3563 841 3629 Unde
864 3563 1102 3650 Augustinus:
1138 3561 1259 3629 Procul
1284 3562 1344 3629 du·

91 3757 126 3806 (l)
139 3756 199 3797 Isuo.
213 3756 246 3801 10,
258 3766 282 3797 v.
296 3757 333 3801 18;
347 3756 416 3807 Vulg.
431 3758 546 3797 videbam
561 3758 668 3798 satanam
682 3760 738 3798 eiciet
751 3759 834 3808 fulgur
849 3760 878 3798 de
893 3760 960 3799 coelo
975 3761 1091 3799 corticem.

91 3836 127 3885 (2)
142 3836 201 3875 Luc.
216 3836 248 3882 12,
261 3846 284 3875 v.
300 3836 332 3882 1⁹,
346 3838 380 3877 20.

90 3916 127 3965 (si
141 3915 178 3955 aa
191 3915 263 3955 soor.
278 3915 311 3961 11.
324 3925 346 3955 v.
361 3916 394 3955 ss.

92 3995 127 4043 (4)
141 3994 221 4035 Judlc.
235 3994 268 4040 lt,
280 4005 304 4036 v.
319 3996 352 4036 21.

94 4074 128 4123 (o)
142 4072 199 4123 029.
212 4074 233 4121 o,
245 4082 268 4115 v.
281 4074 315 4117 22.
