3022 4844
726 275 770 285 —
796 241 859 305 toa
883 274 920 284 -

187 381 244 447 bio
279 380 461 446 munimine
502 400 605 465 regno
639 377 878 464 circumseptus
911 376 1109 442 nullatenus
1138 375 1255 462 potuit
1278 374 1321 440 ab
1355 373 1454 441 adver·
1481 402 1484 407 ·

191 504 291 571 aeriis
323 503 489 590 superari:
516 503 562 569 Et
595 501 820 588 Philosophus
843 500 944 567 dicit:
976 498 1077 565 Talia
1099 498 1255 566 dedimus
1279 498 1346 566 tibi
1367 520 1451 581 arma

192 627 325 716 quaesi
350 650 415 692 non
439 626 625 712 abjecisses,
652 625 799 691 invictus
822 624 955 691 fuisses.

280 749 430 818 Secundo
453 750 520 816 fuit
554 750 653 816 fortis
675 749 793 816 beatus
818 749 1009 835 Stephanus
1032 748 1074 813 ad
1097 746 1224 814 itinera
1248 746 1452 813 virtuosorum

191 874 399 960 profectuum
422 896 480 960 per
503 880 709 940 armaturam
731 872 822 959 spei..
850 872 947 938 Unde
981 870 1239 939 Ecclesiasticus
1268 870 1339 956 (1):
1371 866 1453 935 Dedit

192 998 282 1064 Deus
304 997 537 1064 fortitudinem
559 996 661 1064 Caleb
685 1004 724 1062 ut
746 994 940 1063 ascenderet
974 995 1008 1060 in
1042 995 1209 1062 excelsum
1227 1001 1351 1061 terrae.
1388 991 1452 1078 spa

192 1121 280 1187 enim
303 1127 356 1186 est
381 1120 485 1205 cibus,
523 1120 559 1185 in
584 1121 682 1207 cujus
704 1119 905 1186 fortitudine
928 1118 1022 1185 Elias
1037 1120 1089 1207 (2)
1112 1108 1303 1186 ambulavit
1327 1114 1448 1205 quadra-

193 1244 291 1330 ginta
315 1244 452 1328 diebus,
495 1250 530 1310 et
568 1240 793 1332 quadraginta¹
822 1232 987 1311 noctibus.
1015 1243 1122 1309 Isaias
1139 1243 1210 1328 (3):
1244 1240 1313 1323 Qui
1336 1244 1449 1327 sperant

194 1366 236 1432 irs
264 1368 403 1435 Domino
440 1369 619 1435 mutabunt
652 1368 886 1435 fortitudinem
923 1389 1028 1451 suam,
1065 1374 1239 1433 assument
1273 1386 1394 1453 pennas
1421 1368 1450 1427 ut

194 1491 349 1578 aquilae,
375 1500 410 1558 et
433 1492 596 1558 volabunt
618 1497 681 1559 etc.
708 1491 790 1579 Spes
813 1491 898 1558 facit
920 1490 1087 1557 hominem
1109 1490 1250 1557 fortem:
1291 1509 1348 1575 spe
1381 1482 1449 1551 lucri

196 1614 327 1680 vadunt
349 1614 498 1681 homines
522 1616 613 1681 ultra
640 1638 744 1699 mare,
781 1614 869 1681 unde
892 1615 921 1680 si
944 1613 1047 1681 tollas
1081 1635 1171 1701 spem
1207 1611 1352 1679 cessabit
1371 1606 1449 1675 forti·

197 1738 290 1804 tudo.
317 1737 382 1805 Sed
405 1739 435 1804 si
457 1761 530 1825 spes
553 1739 787 1826 temporalium
812 1738 978 1804 hominem
1000 1737 1084 1804 facit
1105 1737 1241 1822 fortem,
1267 1735 1374 1801 multo
1393 1732 1451 1819 plns

196 1882 271 1947 spes
294 1867 522 1947 aeternorum,
548 1864 627 1950 quia
650 1863 732 1929 dicit
754 1863 938 1949 Apostolus
955 1862 1030 1949 (dlx
1067 1860 1109 1927 Id
1138 1860 1226 1949 qnod
1249 1860 1286 1925 in
1310 1852 1454 1947 praesenti

197 1989 463 2050 momentaneum
486 1993 521 2051 et
544 1986 614 2054 leve
638 1992 689 2052 est
712 1985 947 2052 tribulationis
966 1990 1111 2068 nostrae,
1150 1988 1324 2050 aeternum
1347 1978 1453 2069 pondus

198 2106 326 2191 gloriae
350 2114 507 2193 operatur
529 2109 564 2174 in
587 2108 705 2194 nobis;
731 2109 880 2193 scilieet,
907 2109 995 2196 quod
1017 2107 1134 2174 oculus
1163 2130 1230 2173 non
1267 2106 1375 2189 vidit,
1406 2122 1453 2167 neo

200 2225 292 2291 auris
315 2227 456 2312 audivit,
482 2250 541 2294 nec
575 2228 611 2293 in
645 2252 700 2295 cor
733 2229 876 2294 hominis
910 2228 1060 2294 ascendit
1093 2229 1153 2313 (ὅ).
1193 2226 1260 2294 Sed
1297 2226 1337 2291 de
1359 2220 1456 2290 multis

200 2349 414 2434 conqueritur
448 2351 611 2417 Dominus
651 2374 709 2439 per
742 2352 922 2455 Jeremiam
953 2353 1021 2437 (6);
1058 2351 1204 2435 Factus,
1250 2348 1379 2437 inquit,
1417 2350 1457 2411 εδ)

201 2493 318 2537 cursus
351 2495 462 2539 eorum
486 2475 595 2540 malus
618 2482 652 2542 et
674 2475 838 2542 fortitudo
863 2475 1004 2559 (eorum)
1029 2473 1214 2541 dissimilis.
1247 2474 1370 2541 Fortes
1395 2472 1460 2537 sunt

201 2595 244 2660 ad
268 2595 352 2662 vitia
375 2604 409 2663 ct
432 2598 557 2665 debiles
580 2599 623 2665 ad
647 2599 805 2666 virtutes.

289 2715 403 2781 Tertio
427 2716 495 2782 fuit
517 2718 636 2784 beatus
659 2717 850 2805 Stephanus
880 2717 979 2788 fortis
1010 2718 1053 2784 ad
1082 2716 1233 2806 pericula
1256 2714 1464 2784 mundialium

202 2837 447 2906 adversitatum
470 2864 528 2926 per
551 2842 708 2909 solatium
746 2841 941 2909 charitatis:
976 2842 1065 2908 unde
1092 2842 1252 2929 signatur
1273 2864 1335 2929 per
1355 2840 1490 2909 (dedeo.

202 2985 288 3048 nem,
324 2964 378 3029 cui
405 2965 492 3031 dixit
527 2966 682 3051 Angelus
706 2966 775 3055 (7):
819 2965 981 3034 Dominus
1010 2973 1144 3050 tecum,
1189 2966 1341 3033 virorum
1370 2964 1470 3033 fortis·
1505 2992 1507 3003 ·

202 3086 306 3173 sime,
339 3089 374 3153 in
408 3088 471 3154 hac
497 3089 698 3156 fortitudine
737 3090 896 3159 liberabis
926 3090 1085 3178 populum
1108 3089 1149 3155 de
1189 3112 1294 3157 manu
1334 3089 1472 3157 Madian.

202 3209 249 3276 Et
270 3211 438 3298 praecepit
460 3211 491 3278 ei
514 3213 655 3299 angelus
684 3221 724 3281 ut
746 3237 820 3282 oum
852 3215 971 3282 ceteris
994 3214 1077 3281 viris
1094 3214 1269 3281 accederet
1301 3214 1347 3281 ad
1376 3218 1477 3281 castra

202 3334 349 3420 Madian,
376 3342 411 3402 et
434 3336 620 3424 acciperent
651 3337 762 3419 tubas,
800 3345 834 3404 et
867 3339 1079 3425 lagunculas,
1117 3345 1154 3405 et
1187 3337 1364 3425 lampades
1397 3356 1480 3405 coru·

203 3462 334 3522 stantes
371 3458 407 3524 in
445 3460 608 3547 manibus,
650 3468 685 3528 et
718 3461 805 3550 quod
840 3462 1157 3550 comprehenderent
1192 3461 1414 3549 lagunculas,
1449 3464 1481 3525 et

203 3586 360 3648 sonarent
395 3583 512 3666 tubas,
547 3590 582 3651 et
615 3593 825 3652 remanerent
859 3585 1029 3674 lampades
1064 3590 1298 3671 coruscantes,
1336 3590 1374 3653 et
1407 3592 1483 3652 tnnc

231 3855 259 3903 (1)
274 3856 326 3905 Gap.
342 3858 374 3903 46,
389 3867 410 3897 v.
426 3859 459 3898 11.

230 3935 258 3981 (2)
273 3936 328 3975 Mes.
342 3937 395 3977 hab.
413 3938 524 3981 saraceno.

231 4015 259 4061 (3)
274 4016 327 4063 (lep.
342 4017 374 4062 40,
387 4026 409 4056 v.
423 4018 456 4057 ³1.

231 4094 259 4142 (4)
274 4096 286 4132 2
301 4095 351 4134 cor.
366 4098 385 4141 4,
399 4106 421 4135 v.
436 4097 469 4137 17.

232 4174 259 4222 (5)
275 4175 286 4212 1
301 4176 353 4214 Gor.
368 4177 387 4220 2,
400 4186 421 4215 v.
437 4178 461 4215 9.

231 4254 258 4302 (o)
274 4256 327 4303 Gap.
339 4256 371 4300 23,
384 4266 405 4295 v.
416 4257 448 4295 10.

230 4336 259 4383 (7)
273 4336 349 4375 Jnuic.
364 4336 383 4383 6,
396 4346 418 4375 v.
434 4338 466 4382 12,
481 4337 513 4376 14.
