<?xml version="1.0" encoding="UTF-8"?>
<!DOCTYPE html PUBLIC "-//W3C//DTD XHTML 1.0 Transitional//EN"
    "http://www.w3.org/TR/xhtml1/DTD/xhtml1-transitional.dtd">
<html xmlns="http://www.w3.org/1999/xhtml" xml:lang="en" lang="en">
 <head>
  <title>
</title>
<meta http-equiv="Content-Type" content="text/html;charset=utf-8" />
  <meta name='ocr-system' content='tesseract 3.04.00' />
  <meta name='ocr-capabilities' content='ocr_page ocr_carea ocr_par ocr_line ocrx_word'/>
</head>
<body>
  <div class='ocr_page' id='page_1' title='image "./rationovaecolle00fanngoog_0278.png"; bbox 0 0 3022 4844; ppageno 0'>
   <div class='ocr_carea' id='block_1_1' title="bbox 609 210 809 272">
    <p class='ocr_par' dir='ltr' id='par_1_1' title="bbox 609 210 809 272">
     <span class='ocr_line' id='line_1_1' title="bbox 609 210 809 272; baseline 0 -1"><span class='ocrx_word' id='word_1_1' title='bbox 609 210 809 272; x_wconf 70' lang='lat' dir='ltr'>-xet—</span> 
     </span>
    </p>
   </div>
   <div class='ocr_carea' id='block_1_2' title="bbox 88 340 1337 2911">
    <p class='ocr_par' dir='ltr' id='par_1_2' title="bbox 88 340 1337 1673">
     <span class='ocr_line' id='line_1_2' title="bbox 88 340 1336 434; baseline 0 -18"><span class='ocrx_word' id='word_1_2' title='bbox 88 340 211 427; x_wconf 75' lang='lat' dir='ltr'>itum,</span> <span class='ocrx_word' id='word_1_3' title='bbox 248 345 389 434; x_wconf 90' lang='lat' dir='ltr'>quando</span> <span class='ocrx_word' id='word_1_4' title='bbox 423 346 563 416; x_wconf 84' lang='lat' dir='ltr'>additur</span> <span class='ocrx_word' id='word_1_5' title='bbox 587 345 736 414; x_wconf 91' lang='lat' dir='ltr'>termino</span> <span class='ocrx_word' id='word_1_6' title='bbox 760 343 986 425; x_wconf 87' lang='lat' dir='ltr'>accidentali,</span> <span class='ocrx_word' id='word_1_7' title='bbox 1018 356 1128 434; x_wconf 87' lang='lat' dir='ltr'>potest</span> <span class='ocrx_word' id='word_1_8' title='bbox 1155 348 1336 418; x_wconf 78' lang='lat' dir='ltr'>excludere</span> 
     </span>
     <span class='ocr_line' id='line_1_3' title="bbox 88 468 1334 571; baseline 0.002 -32"><span class='ocrx_word' id='word_1_9' title='bbox 88 471 160 540; x_wconf 71' lang='lat' dir='ltr'>itia</span> <span class='ocrx_word' id='word_1_10' title='bbox 202 469 333 538; x_wconf 86' lang='lat' dir='ltr'>formae</span> <span class='ocrx_word' id='word_1_11' title='bbox 371 469 423 540; x_wconf 94' lang='lat' dir='ltr'>vel</span> <span class='ocrx_word' id='word_1_12' title='bbox 449 470 561 571; x_wconf 63' lang='lat' dir='ltr'>gratia</span> <span class='ocrx_word' id='word_1_13' title='bbox 599 468 774 536; x_wconf 88' lang='lat' dir='ltr'>materiae.</span> <span class='ocrx_word' id='word_1_14' title='bbox 814 468 965 536; x_wconf 90' lang='lat' dir='ltr'>Tertium</span> <span class='ocrx_word' id='word_1_15' title='bbox 997 480 1048 538; x_wconf 92' lang='lat' dir='ltr'>est</span> <span class='ocrx_word' id='word_1_16' title='bbox 1082 469 1124 537; x_wconf 92' lang='lat' dir='ltr'>de</span> <span class='ocrx_word' id='word_1_17' title='bbox 1161 492 1200 539; x_wconf 92' lang='lat' dir='ltr'>eo</span> <span class='ocrx_word' id='word_1_18' title='bbox 1228 473 1334 558; x_wconf 84' lang='lat' dir='ltr'>quod,</span> 
     </span>
     <span class='ocr_line' id='line_1_4' title="bbox 89 566 1337 685; baseline 0.001 -22"><span class='ocrx_word' id='word_1_19' title='bbox 89 594 194 663; x_wconf 87' lang='lat' dir='ltr'>ando</span> <span class='ocrx_word' id='word_1_20' title='bbox 209 593 360 684; x_wconf 84' lang='lat' dir='ltr'>&#39;ponitur</span> <span class='ocrx_word' id='word_1_21' title='bbox 382 594 418 661; x_wconf 92' lang='lat' dir='ltr'>in</span> <span class='ocrx_word' id='word_1_22' title='bbox 444 566 561 680; x_wconf 67' lang='lat' dir='ltr'>aliduo</span> <span class='ocrx_word' id='word_1_23' title='bbox 585 593 688 675; x_wconf 91' lang='lat' dir='ltr'>dicto,</span> <span class='ocrx_word' id='word_1_24' title='bbox 717 605 828 685; x_wconf 88' lang='lat' dir='ltr'>potest</span> <span class='ocrx_word' id='word_1_25' title='bbox 852 594 962 663; x_wconf 86' lang='lat' dir='ltr'>iacere</span> <span class='ocrx_word' id='word_1_26' title='bbox 986 593 1220 663; x_wconf 71' lang='lat' dir='ltr'>exclusionem</span> <span class='ocrx_word' id='word_1_27' title='bbox 1235 619 1254 663; x_wconf 87' lang='lat' dir='ltr'>a</span> <span class='ocrx_word' id='word_1_28' title='bbox 1270 607 1337 665; x_wconf 94' lang='lat' dir='ltr'>toto</span> 
     </span>
     <span class='ocr_line' id='line_1_5' title="bbox 88 717 1336 808; baseline 0 -21"><span class='ocrx_word' id='word_1_29' title='bbox 88 731 142 787; x_wconf 75' lang='lat' dir='ltr'>:to</span> <span class='ocrx_word' id='word_1_30' title='bbox 178 717 233 788; x_wconf 89' lang='lat' dir='ltr'>vel</span> <span class='ocrx_word' id='word_1_31' title='bbox 270 740 291 786; x_wconf 90' lang='lat' dir='ltr'>a</span> <span class='ocrx_word' id='word_1_32' title='bbox 327 729 424 808; x_wconf 87' lang='lat' dir='ltr'>parte</span> <span class='ocrx_word' id='word_1_33' title='bbox 453 717 550 787; x_wconf 91' lang='lat' dir='ltr'>dicti.</span> <span class='ocrx_word' id='word_1_34' title='bbox 587 722 754 800; x_wconf 83' lang='lat' dir='ltr'>Quartum</span> <span class='ocrx_word' id='word_1_35' title='bbox 790 731 863 799; x_wconf 88' lang='lat' dir='ltr'>est,</span> <span class='ocrx_word' id='word_1_36' title='bbox 890 730 1008 787; x_wconf 90' lang='lat' dir='ltr'>utrum</span> <span class='ocrx_word' id='word_1_37' title='bbox 1043 718 1209 808; x_wconf 89' lang='lat' dir='ltr'>impediat</span> <span class='ocrx_word' id='word_1_38' title='bbox 1232 742 1336 808; x_wconf 79' lang='lat' dir='ltr'>argu-</span> 
     </span>
     <span class='ocr_line' id='line_1_6' title="bbox 88 840 1334 931; baseline -0.001 -20"><span class='ocrx_word' id='word_1_39' title='bbox 88 842 284 911; x_wconf 77' lang='lat' dir='ltr'>entationes</span> <span class='ocrx_word' id='word_1_40' title='bbox 308 841 416 911; x_wconf 87' lang='lat' dir='ltr'>factas</span> <span class='ocrx_word' id='word_1_41' title='bbox 441 842 484 910; x_wconf 90' lang='lat' dir='ltr'>ab</span> <span class='ocrx_word' id='word_1_42' title='bbox 509 840 662 910; x_wconf 80' lang='lat' dir='ltr'>inferiori</span> <span class='ocrx_word' id='word_1_43' title='bbox 687 842 730 910; x_wconf 91' lang='lat' dir='ltr'>ad</span> <span class='ocrx_word' id='word_1_44' title='bbox 756 842 929 931; x_wconf 80' lang='lat' dir='ltr'>superius</span> <span class='ocrx_word' id='word_1_45' title='bbox 955 840 1121 923; x_wconf 79' lang='lat' dir='ltr'>Quintum</span> <span class='ocrx_word' id='word_1_46' title='bbox 1139 856 1200 923; x_wconf 86' lang='lat' dir='ltr'>est,</span> <span class='ocrx_word' id='word_1_47' title='bbox 1218 854 1334 912; x_wconf 88' lang='lat' dir='ltr'>utrum</span> 
     </span>
     <span class='ocr_line' id='line_1_7' title="bbox 88 964 1334 1056; baseline 0.001 -23"><span class='ocrx_word' id='word_1_48' title='bbox 88 965 214 1034; x_wconf 70' lang='lat' dir='ltr'>‚ditum</span> <span class='ocrx_word' id='word_1_49' title='bbox 239 964 339 1055; x_wconf 86' lang='lat' dir='ltr'>signo</span> <span class='ocrx_word' id='word_1_50' title='bbox 365 964 567 1055; x_wconf 80' lang='lat' dir='ltr'>particulari</span> <span class='ocrx_word' id='word_1_51' title='bbox 593 964 752 1046; x_wconf 81' lang='lat' dir='ltr'>excludat</span> <span class='ocrx_word' id='word_1_52' title='bbox 782 965 922 1056; x_wconf 85' lang='lat' dir='ltr'>signum</span> <span class='ocrx_word' id='word_1_53' title='bbox 950 964 1156 1046; x_wconf 87' lang='lat' dir='ltr'>universale,</span> <span class='ocrx_word' id='word_1_54' title='bbox 1178 978 1210 1033; x_wconf 93' lang='lat' dir='ltr'>et</span> <span class='ocrx_word' id='word_1_55' title='bbox 1237 967 1334 1034; x_wconf 88' lang='lat' dir='ltr'>simi-</span> 
     </span>
     <span class='ocr_line' id='line_1_8' title="bbox 88 1067 1335 1178; baseline -0.001 -22"><span class='ocrx_word' id='word_1_56' title='bbox 88 1111 128 1156; x_wconf 89' lang='lat' dir='ltr'>er</span> <span class='ocrx_word' id='word_1_57' title='bbox 164 1088 256 1178; x_wconf 89' lang='lat' dir='ltr'>parti</span> <span class='ocrx_word' id='word_1_58' title='bbox 291 1087 452 1178; x_wconf 86' lang='lat' dir='ltr'>integrali</span> <span class='ocrx_word' id='word_1_59' title='bbox 487 1088 647 1157; x_wconf 87' lang='lat' dir='ltr'>excludat</span> <span class='ocrx_word' id='word_1_60' title='bbox 679 1099 800 1157; x_wconf 91' lang='lat' dir='ltr'>totum.</span> <span class='ocrx_word' id='word_1_61' title='bbox 834 1093 973 1157; x_wconf 80' lang='lat' dir='ltr'>Sextum</span> <span class='ocrx_word' id='word_1_62' title='bbox 1006 1100 1078 1167; x_wconf 85' lang='lat' dir='ltr'>est,</span> <span class='ocrx_word' id='word_1_63' title='bbox 1119 1067 1235 1158; x_wconf 92' lang='lat' dir='ltr'>utrum</span> <span class='ocrx_word' id='word_1_64' title='bbox 1273 1089 1335 1155; x_wconf 92' lang='lat' dir='ltr'>ad-</span> 
     </span>
     <span class='ocr_line' id='line_1_9' title="bbox 88 1209 1334 1301; baseline 0.001 -22"><span class='ocrx_word' id='word_1_65' title='bbox 88 1222 164 1279; x_wconf 89' lang='lat' dir='ltr'>tum</span> <span class='ocrx_word' id='word_1_66' title='bbox 202 1209 404 1280; x_wconf 87' lang='lat' dir='ltr'>correlativo</span> <span class='ocrx_word' id='word_1_67' title='bbox 440 1210 599 1280; x_wconf 90' lang='lat' dir='ltr'>excludat</span> <span class='ocrx_word' id='word_1_68' title='bbox 633 1210 827 1291; x_wconf 85' lang='lat' dir='ltr'>relativum.</span> <span class='ocrx_word' id='word_1_69' title='bbox 865 1212 1056 1301; x_wconf 85' lang='lat' dir='ltr'>Septimum</span> <span class='ocrx_word' id='word_1_70' title='bbox 1089 1222 1139 1280; x_wconf 92' lang='lat' dir='ltr'>est</span> <span class='ocrx_word' id='word_1_71' title='bbox 1176 1211 1218 1280; x_wconf 91' lang='lat' dir='ltr'>de</span> <span class='ocrx_word' id='word_1_72' title='bbox 1259 1211 1334 1301; x_wconf 87' lang='lat' dir='ltr'>ipso</span> 
     </span>
     <span class='ocr_line' id='line_1_10' title="bbox 88 1334 1335 1425; baseline -0.002 -21"><span class='ocrx_word' id='word_1_73' title='bbox 88 1334 248 1404; x_wconf 92' lang='lat' dir='ltr'>cundum</span> <span class='ocrx_word' id='word_1_74' title='bbox 282 1335 373 1421; x_wconf 92' lang='lat' dir='ltr'>quod</span> <span class='ocrx_word' id='word_1_75' title='bbox 408 1335 550 1425; x_wconf 91' lang='lat' dir='ltr'>ponitur</span> <span class='ocrx_word' id='word_1_76' title='bbox 586 1334 661 1415; x_wconf 77' lang='lat' dir='ltr'>bie,</span> <span class='ocrx_word' id='word_1_77' title='bbox 689 1346 807 1410; x_wconf 87' lang='lat' dir='ltr'>utrum</span> <span class='ocrx_word' id='word_1_78' title='bbox 832 1335 940 1424; x_wconf 88' lang='lat' dir='ltr'>possit</span> <span class='ocrx_word' id='word_1_79' title='bbox 960 1334 1112 1424; x_wconf 84' lang='lat' dir='ltr'>judicari</span> <span class='ocrx_word' id='word_1_80' title='bbox 1136 1335 1243 1403; x_wconf 87' lang='lat' dir='ltr'>oratio</span> <span class='ocrx_word' id='word_1_81' title='bbox 1266 1357 1335 1423; x_wconf 60' lang='lat' dir='ltr'>‘per</span> 
     </span>
     <span class='ocr_line' id='line_1_11' title="bbox 88 1435 1333 1548; baseline -0.001 -23"><span class='ocrx_word' id='word_1_82' title='bbox 88 1481 162 1526; x_wconf 84' lang='lat' dir='ltr'>tum</span> <span class='ocrx_word' id='word_1_83' title='bbox 188 1457 239 1526; x_wconf 95' lang='lat' dir='ltr'>vel</span> <span class='ocrx_word' id='word_1_84' title='bbox 264 1480 326 1548; x_wconf 87' lang='lat' dir='ltr'>per</span> <span class='ocrx_word' id='word_1_85' title='bbox 349 1457 550 1545; x_wconf 87' lang='lat' dir='ltr'>reliquum:</span> <span class='ocrx_word' id='word_1_86' title='bbox 577 1470 609 1526; x_wconf 89' lang='lat' dir='ltr'>et</span> <span class='ocrx_word' id='word_1_87' title='bbox 633 1435 744 1548; x_wconf 84' lang='lat' dir='ltr'>gratia</span> <span class='ocrx_word' id='word_1_88' title='bbox 768 1458 896 1547; x_wconf 86' lang='lat' dir='ltr'>hujus,</span> <span class='ocrx_word' id='word_1_89' title='bbox 924 1457 1102 1543; x_wconf 89' lang='lat' dir='ltr'>quaeritur</span> <span class='ocrx_word' id='word_1_90' title='bbox 1125 1458 1167 1526; x_wconf 92' lang='lat' dir='ltr'>de</span> <span class='ocrx_word' id='word_1_91' title='bbox 1191 1458 1255 1526; x_wconf 88' lang='lat' dir='ltr'>hac</span> <span class='ocrx_word' id='word_1_92' title='bbox 1280 1458 1333 1525; x_wconf 89' lang='lat' dir='ltr'>di-</span> 
     </span>
     <span class='ocr_line' id='line_1_12' title="bbox 88 1582 476 1673; baseline 0.003 -23"><span class='ocrx_word' id='word_1_93' title='bbox 88 1583 234 1651; x_wconf 89' lang='lat' dir='ltr'>nctione</span> <span class='ocrx_word' id='word_1_94' title='bbox 259 1582 476 1673; x_wconf 82' lang='lat' dir='ltr'>generaliter.</span> 
     </span>
    </p>

    <p class='ocr_par' dir='ltr' id='par_1_3' title="bbox 88 1706 1332 2291">
     <span class='ocr_line' id='line_1_13' title="bbox 139 1706 1332 1797; baseline 0.004 -26"><span class='ocrx_word' id='word_1_95' title='bbox 139 1730 158 1771; x_wconf 84' lang='lat' dir='ltr'>tt</span> <span class='ocrx_word' id='word_1_96' title='bbox 191 1707 285 1775; x_wconf 81' lang='lat' dir='ltr'>Circa</span> <span class='ocrx_word' id='word_1_97' title='bbox 311 1706 464 1796; x_wconf 91' lang='lat' dir='ltr'>primum</span> <span class='ocrx_word' id='word_1_98' title='bbox 492 1708 541 1776; x_wconf 92' lang='lat' dir='ltr'>sic</span> <span class='ocrx_word' id='word_1_99' title='bbox 566 1707 765 1797; x_wconf 86' lang='lat' dir='ltr'>proceditur</span> <span class='ocrx_word' id='word_1_100' title='bbox 788 1719 820 1775; x_wconf 91' lang='lat' dir='ltr'>et</span> <span class='ocrx_word' id='word_1_101' title='bbox 844 1707 1047 1789; x_wconf 86' lang='lat' dir='ltr'>ostenditur,</span> <span class='ocrx_word' id='word_1_102' title='bbox 1074 1709 1166 1794; x_wconf 91' lang='lat' dir='ltr'>quod</span> <span class='ocrx_word' id='word_1_103' title='bbox 1191 1707 1250 1776; x_wconf 83' lang='lat' dir='ltr'>illa</span> <span class='ocrx_word' id='word_1_104' title='bbox 1279 1708 1332 1776; x_wconf 91' lang='lat' dir='ltr'>di-</span> 
     </span>
     <span class='ocr_line' id='line_1_14' title="bbox 88 1816 1329 1921; baseline 0 -22"><span class='ocrx_word' id='word_1_105' title='bbox 88 1831 190 1900; x_wconf 86' lang='lat' dir='ltr'>inctio</span> <span class='ocrx_word' id='word_1_106' title='bbox 216 1829 312 1899; x_wconf 88' lang='lat' dir='ltr'>nulla</span> <span class='ocrx_word' id='word_1_107' title='bbox 336 1831 390 1900; x_wconf 89' lang='lat' dir='ltr'>sit.</span> <span class='ocrx_word' id='word_1_108' title='bbox 428 1831 597 1913; x_wconf 80' lang='lat' dir='ltr'>Quoniam</span> <span class='ocrx_word' id='word_1_109' title='bbox 631 1853 719 1917; x_wconf 88' lang='lat' dir='ltr'>quae</span> <span class='ocrx_word' id='word_1_110' title='bbox 756 1844 806 1901; x_wconf 87' lang='lat' dir='ltr'>est</span> <span class='ocrx_word' id='word_1_111' title='bbox 844 1816 1056 1921; x_wconf 88' lang='lat' dir='ltr'>comparatio</span> <span class='ocrx_word' id='word_1_112' title='bbox 1090 1832 1255 1901; x_wconf 80' lang='lat' dir='ltr'>abstracti</span> <span class='ocrx_word' id='word_1_113' title='bbox 1289 1832 1329 1899; x_wconf 86' lang='lat' dir='ltr'>ad</span> 
     </span>
     <span class='ocr_line' id='line_1_15' title="bbox 92 1955 1332 2046; baseline -0.002 -22"><span class='ocrx_word' id='word_1_114' title='bbox 92 1966 273 2034; x_wconf 85' lang='lat' dir='ltr'>stractum,</span> <span class='ocrx_word' id='word_1_115' title='bbox 301 1967 333 2023; x_wconf 91' lang='lat' dir='ltr'>et</span> <span class='ocrx_word' id='word_1_116' title='bbox 357 1955 507 2025; x_wconf 84' lang='lat' dir='ltr'>concreti</span> <span class='ocrx_word' id='word_1_117' title='bbox 532 1955 575 2023; x_wconf 89' lang='lat' dir='ltr'>ad</span> <span class='ocrx_word' id='word_1_118' title='bbox 601 1965 813 2024; x_wconf 89' lang='lat' dir='ltr'>concretum:</span> <span class='ocrx_word' id='word_1_119' title='bbox 840 1977 919 2023; x_wconf 91' lang='lat' dir='ltr'>cum</span> <span class='ocrx_word' id='word_1_120' title='bbox 945 1978 1025 2046; x_wconf 80' lang='lat' dir='ltr'>ergo</span> <span class='ocrx_word' id='word_1_121' title='bbox 1051 1956 1138 2024; x_wconf 91' lang='lat' dir='ltr'>inter</span> <span class='ocrx_word' id='word_1_122' title='bbox 1167 1978 1277 2046; x_wconf 82' lang='lat' dir='ltr'>genus</span> <span class='ocrx_word' id='word_1_123' title='bbox 1300 1966 1332 2022; x_wconf 87' lang='lat' dir='ltr'>et</span> 
     </span>
     <span class='ocr_line' id='line_1_16' title="bbox 90 2078 1330 2169; baseline 0 -23"><span class='ocrx_word' id='word_1_124' title='bbox 90 2079 201 2146; x_wconf 91' lang='lat' dir='ltr'>eciem</span> <span class='ocrx_word' id='word_1_125' title='bbox 228 2100 296 2146; x_wconf 95' lang='lat' dir='ltr'>non</span> <span class='ocrx_word' id='word_1_126' title='bbox 322 2079 422 2147; x_wconf 87' lang='lat' dir='ltr'>cadat</span> <span class='ocrx_word' id='word_1_127' title='bbox 446 2079 642 2157; x_wconf 87' lang='lat' dir='ltr'>distincti0;</span> <span class='ocrx_word' id='word_1_128' title='bbox 669 2101 750 2169; x_wconf 85' lang='lat' dir='ltr'>ergo</span> <span class='ocrx_word' id='word_1_129' title='bbox 789 2101 850 2146; x_wconf 88' lang='lat' dir='ltr'>nec</span> <span class='ocrx_word' id='word_1_130' title='bbox 885 2079 974 2147; x_wconf 89' lang='lat' dir='ltr'>inter</span> <span class='ocrx_word' id='word_1_131' title='bbox 1006 2078 1165 2168; x_wconf 81' lang='lat' dir='ltr'>generale</span> <span class='ocrx_word' id='word_1_132' title='bbox 1189 2091 1221 2147; x_wconf 89' lang='lat' dir='ltr'>et</span> <span class='ocrx_word' id='word_1_133' title='bbox 1254 2100 1330 2167; x_wconf 86' lang='lat' dir='ltr'>spe-</span> 
     </span>
     <span class='ocr_line' id='line_1_17' title="bbox 88 2189 697 2291; baseline -0.003 -22"><span class='ocrx_word' id='word_1_134' title='bbox 88 2201 148 2280; x_wconf 72' lang='lat' dir='ltr'>rle3</span> <span class='ocrx_word' id='word_1_135' title='bbox 175 2189 257 2291; x_wconf 81' lang='lat' dir='ltr'>ergo</span> <span class='ocrx_word' id='word_1_136' title='bbox 280 2201 457 2272; x_wconf 90' lang='lat' dir='ltr'>distinctio</span> <span class='ocrx_word' id='word_1_137' title='bbox 482 2201 579 2270; x_wconf 93' lang='lat' dir='ltr'>nulla</span> <span class='ocrx_word' id='word_1_138' title='bbox 583 2257 650 2270; x_wconf 95' lang='grc'><strong>.....</strong></span> <span class='ocrx_word' id='word_1_139' title='bbox 680 2226 697 2267; x_wconf 81' lang='lat' dir='ltr'>v</span> 
     </span>
    </p>

    <p class='ocr_par' dir='ltr' id='par_1_4' title="bbox 88 2313 1330 2911">
     <span class='ocr_line' id='line_1_18' title="bbox 139 2313 1329 2418; baseline 0 -25"><span class='ocrx_word' id='word_1_140' title='bbox 139 2325 280 2393; x_wconf 86' lang='lat' dir='ltr'>Desinit:</span> <span class='ocrx_word' id='word_1_141' title='bbox 310 2325 393 2394; x_wconf 86' lang='lat' dir='ltr'>«Ad</span> <span class='ocrx_word' id='word_1_142' title='bbox 418 2324 513 2394; x_wconf 90' lang='lat' dir='ltr'>aliud</span> <span class='ocrx_word' id='word_1_143' title='bbox 539 2326 627 2418; x_wconf 89' lang='lat' dir='ltr'>dico,</span> <span class='ocrx_word' id='word_1_144' title='bbox 654 2325 745 2412; x_wconf 90' lang='lat' dir='ltr'>quod</span> <span class='ocrx_word' id='word_1_145' title='bbox 772 2313 941 2394; x_wconf 83' lang='lat' dir='ltr'>terminus</span> <span class='ocrx_word' id='word_1_146' title='bbox 966 2325 1099 2415; x_wconf 89' lang='lat' dir='ltr'>positus</span> <span class='ocrx_word' id='word_1_147' title='bbox 1116 2338 1192 2415; x_wconf 92' lang='lat' dir='ltr'>post</span> <span class='ocrx_word' id='word_1_148' title='bbox 1209 2326 1329 2395; x_wconf 89' lang='lat' dir='ltr'>dictio-</span> 
     </span>
     <span class='ocr_line' id='line_1_19' title="bbox 91 2448 1329 2540; baseline 0.002 -25"><span class='ocrx_word' id='word_1_149' title='bbox 91 2471 127 2515; x_wconf 89' lang='lat' dir='ltr'>m</span> <span class='ocrx_word' id='word_1_150' title='bbox 154 2448 364 2517; x_wconf 88' lang='lat' dir='ltr'>exclusivam</span> <span class='ocrx_word' id='word_1_151' title='bbox 391 2461 501 2539; x_wconf 88' lang='lat' dir='ltr'>potest</span> <span class='ocrx_word' id='word_1_152' title='bbox 524 2449 737 2519; x_wconf 88' lang='lat' dir='ltr'>considerari</span> <span class='ocrx_word' id='word_1_153' title='bbox 771 2472 832 2540; x_wconf 89' lang='lat' dir='ltr'>per</span> <span class='ocrx_word' id='word_1_154' title='bbox 864 2449 1067 2537; x_wconf 75' lang='lat' dir='ltr'>relationem</span> <span class='ocrx_word' id='word_1_155' title='bbox 1103 2449 1146 2519; x_wconf 87' lang='lat' dir='ltr'>ad</span> <span class='ocrx_word' id='word_1_156' title='bbox 1183 2449 1329 2519; x_wconf 90' lang='lat' dir='ltr'>exclusi-</span> 
     </span>
     <span class='ocr_line' id='line_1_20' title="bbox 88 2573 1330 2665; baseline 0.002 -25"><span class='ocrx_word' id='word_1_157' title='bbox 88 2595 137 2640; x_wconf 89' lang='lat' dir='ltr'>m.</span> <span class='ocrx_word' id='word_1_158' title='bbox 166 2578 204 2640; x_wconf 85' lang='lat' dir='ltr'>Et</span> <span class='ocrx_word' id='word_1_159' title='bbox 227 2573 277 2642; x_wconf 89' lang='lat' dir='ltr'>sic</span> <span class='ocrx_word' id='word_1_160' title='bbox 297 2594 378 2642; x_wconf 87' lang='lat' dir='ltr'>curn</span> <span class='ocrx_word' id='word_1_161' title='bbox 403 2573 463 2642; x_wconf 89' lang='lat' dir='ltr'>illa</span> <span class='ocrx_word' id='word_1_162' title='bbox 486 2574 646 2643; x_wconf 92' lang='lat' dir='ltr'>excludat</span> <span class='ocrx_word' id='word_1_163' title='bbox 670 2573 766 2643; x_wconf 91' lang='lat' dir='ltr'>aliud</span> <span class='ocrx_word' id='word_1_164' title='bbox 784 2597 851 2645; x_wconf 93' lang='lat' dir='ltr'>non</span> <span class='ocrx_word' id='word_1_165' title='bbox 877 2575 1008 2643; x_wconf 90' lang='lat' dir='ltr'>ratione</span> <span class='ocrx_word' id='word_1_166' title='bbox 1033 2575 1182 2665; x_wconf 89' lang='lat' dir='ltr'>alicujus</span> <span class='ocrx_word' id='word_1_167' title='bbox 1207 2597 1330 2665; x_wconf 89' lang='lat' dir='ltr'>suppo·</span> 
     </span>
     <span class='ocr_line' id='line_1_21' title="bbox 89 2695 1328 2787; baseline 0.003 -25"><span class='ocrx_word' id='word_1_168' title='bbox 89 2695 103 2762; x_wconf 90' lang='lat' dir='ltr'>i</span> <span class='ocrx_word' id='word_1_169' title='bbox 126 2695 356 2777; x_wconf 88' lang='lat' dir='ltr'>dctenninati‚</span> <span class='ocrx_word' id='word_1_170' title='bbox 376 2696 435 2765; x_wconf 87' lang='lat' dir='ltr'>sed</span> <span class='ocrx_word' id='word_1_171' title='bbox 451 2697 584 2767; x_wconf 90' lang='lat' dir='ltr'>ratione</span> <span class='ocrx_word' id='word_1_172' title='bbox 607 2696 738 2766; x_wconf 85' lang='lat' dir='ltr'>formae</span> <span class='ocrx_word' id='word_1_173' title='bbox 762 2697 971 2779; x_wconf 90' lang='lat' dir='ltr'>communis,</span> <span class='ocrx_word' id='word_1_174' title='bbox 989 2699 1038 2767; x_wconf 90' lang='lat' dir='ltr'>sic</span> <span class='ocrx_word' id='word_1_175' title='bbox 1061 2699 1164 2767; x_wconf 89' lang='lat' dir='ltr'>habet</span> <span class='ocrx_word' id='word_1_176' title='bbox 1193 2698 1328 2787; x_wconf 91' lang='lat' dir='ltr'>simpli-</span> 
     </span>
     <span class='ocr_line' id='line_1_22' title="bbox 88 2820 1137 2911; baseline 0.001 -26"><span class='ocrx_word' id='word_1_177' title='bbox 88 2838 120 2885; x_wconf 93' lang='lat' dir='ltr'>m</span> <span class='ocrx_word' id='word_1_178' title='bbox 147 2820 433 2910; x_wconf 87' lang='lat' dir='ltr'>suppositionem.</span> <span class='ocrx_word' id='word_1_179' title='bbox 462 2827 499 2889; x_wconf 83' lang='lat' dir='ltr'>Et</span> <span class='ocrx_word' id='word_1_180' title='bbox 525 2821 574 2890; x_wconf 89' lang='lat' dir='ltr'>sic</span> <span class='ocrx_word' id='word_1_181' title='bbox 599 2832 690 2911; x_wconf 87' lang='lat' dir='ltr'>patet</span> <span class='ocrx_word' id='word_1_182' title='bbox 716 2822 840 2892; x_wconf 89' lang='lat' dir='ltr'>solutio</span> <span class='ocrx_word' id='word_1_183' title='bbox 864 2822 1089 2911; x_wconf 86' lang='lat' dir='ltr'>objectorum.</span> <span class='ocrx_word' id='word_1_184' title='bbox 1120 2846 1137 2887; x_wconf 91' lang='lat'>»</span> 
     </span>
    </p>
   </div>
   <div class='ocr_carea' id='block_1_3' title="bbox 88 3190 1402 4394">
    <p class='ocr_par' dir='ltr' id='par_1_5' title="bbox 88 3190 1402 4270">
     <span class='ocr_line' id='line_1_23' title="bbox 135 3190 1326 3280; baseline 0.003 -23"><span class='ocrx_word' id='word_1_185' title='bbox 135 3195 167 3257; x_wconf 79' lang='lat' dir='ltr'>l.</span> <span class='ocrx_word' id='word_1_186' title='bbox 194 3194 310 3257; x_wconf 81' lang='lat' dir='ltr'>Taxcr.</span> <span class='ocrx_word' id='word_1_187' title='bbox 337 3213 376 3257; x_wconf 86' lang='lat' dir='ltr'>nn</span> <span class='ocrx_word' id='word_1_188' title='bbox 400 3210 599 3259; x_wconf 85' lang='lat' dir='ltr'>nrcrronmus</span> <span class='ocrx_word' id='word_1_189' title='bbox 624 3211 815 3260; x_wconf 83' lang='lat' dir='ltr'>nxcrrrrvrs.</span> <span class='ocrx_word' id='word_1_190' title='bbox 849 3191 996 3280; x_wconf 91' lang='lat' dir='ltr'>Incipit:</span> <span class='ocrx_word' id='word_1_191' title='bbox 1033 3213 1050 3256; x_wconf 89' lang='lat'>«</span> <span class='ocrx_word' id='word_1_192' title='bbox 1078 3191 1172 3260; x_wconf 87' lang='lat' dir='ltr'>Circa</span> <span class='ocrx_word' id='word_1_193' title='bbox 1205 3190 1326 3260; x_wconf 90' lang='lat' dir='ltr'>dictio-</span> 
     </span>
     <span class='ocr_line' id='line_1_24' title="bbox 88 3312 1326 3404; baseline -0.001 -23"><span class='ocrx_word' id='word_1_194' title='bbox 88 3335 104 3398; x_wconf 80' lang='lat' dir='ltr'>s</span> <span class='ocrx_word' id='word_1_195' title='bbox 129 3313 323 3402; x_wconf 89' lang='lat' dir='ltr'>exceptivas</span> <span class='ocrx_word' id='word_1_196' title='bbox 346 3312 500 3400; x_wconf 89' lang='lat' dir='ltr'>quinque</span> <span class='ocrx_word' id='word_1_197' title='bbox 523 3313 761 3400; x_wconf 89' lang='lat' dir='ltr'>inquiruntur;</span> <span class='ocrx_word' id='word_1_198' title='bbox 787 3336 935 3400; x_wconf 89' lang='lat' dir='ltr'>quorum</span> <span class='ocrx_word' id='word_1_199' title='bbox 962 3314 1115 3404; x_wconf 91' lang='lat' dir='ltr'>primum</span> <span class='ocrx_word' id='word_1_200' title='bbox 1138 3324 1200 3394; x_wconf 86' lang='lat' dir='ltr'>est,</span> <span class='ocrx_word' id='word_1_201' title='bbox 1220 3335 1326 3400; x_wconf 89' lang='lat' dir='ltr'>quam</span> 
     </span>
     <span class='ocr_line' id='line_1_25' title="bbox 88 3419 1325 3527; baseline 0 -23"><span class='ocrx_word' id='word_1_202' title='bbox 88 3435 320 3526; x_wconf 90' lang='lat' dir='ltr'>ppositionem</span> <span class='ocrx_word' id='word_1_203' title='bbox 346 3436 470 3506; x_wconf 91' lang='lat' dir='ltr'>habeat</span> <span class='ocrx_word' id='word_1_204' title='bbox 494 3436 663 3506; x_wconf 90' lang='lat' dir='ltr'>terminus</span> <span class='ocrx_word' id='word_1_205' title='bbox 689 3437 822 3527; x_wconf 89' lang='lat' dir='ltr'>positus</span> <span class='ocrx_word' id='word_1_206' title='bbox 858 3449 934 3527; x_wconf 90' lang='lat' dir='ltr'>post</span> <span class='ocrx_word' id='word_1_207' title='bbox 966 3437 1150 3506; x_wconf 89' lang='lat' dir='ltr'>dictionem</span> <span class='ocrx_word' id='word_1_208' title='bbox 1175 3419 1325 3526; x_wconf 88' lang='lat' dir='ltr'>excepti-</span> 
     </span>
     <span class='ocr_line' id='line_1_26' title="bbox 88 3550 1324 3651; baseline 0.001 -24"><span class='ocrx_word' id='word_1_209' title='bbox 88 3583 135 3627; x_wconf 91' lang='lat' dir='ltr'>m.</span> <span class='ocrx_word' id='word_1_210' title='bbox 165 3559 365 3627; x_wconf 88' lang='lat' dir='ltr'>Secundum</span> <span class='ocrx_word' id='word_1_211' title='bbox 400 3571 475 3641; x_wconf 85' lang='lat' dir='ltr'>cst,</span> <span class='ocrx_word' id='word_1_212' title='bbox 502 3550 620 3629; x_wconf 89' lang='lat' dir='ltr'>utrum</span> <span class='ocrx_word' id='word_1_213' title='bbox 654 3562 697 3632; x_wconf 87' lang='lat' dir='ltr'>sit</span> <span class='ocrx_word' id='word_1_214' title='bbox 728 3561 974 3631; x_wconf 88' lang='lat' dir='ltr'>inconveniens</span> <span class='ocrx_word' id='word_1_215' title='bbox 1007 3571 1054 3630; x_wconf 90' lang='lat' dir='ltr'>tot</span> <span class='ocrx_word' id='word_1_216' title='bbox 1084 3561 1215 3651; x_wconf 87' lang='lat' dir='ltr'>excipi,</span> <span class='ocrx_word' id='word_1_217' title='bbox 1243 3570 1324 3647; x_wconf 87' lang='lat' dir='ltr'>quot</span> 
     </span>
     <span class='ocr_line' id='line_1_27' title="bbox 88 3682 1322 3775; baseline 0.002 -23"><span class='ocrx_word' id='word_1_218' title='bbox 88 3683 208 3773; x_wconf 93' lang='lat' dir='ltr'>pponi.</span> <span class='ocrx_word' id='word_1_219' title='bbox 237 3682 387 3750; x_wconf 89' lang='lat' dir='ltr'>Tertium</span> <span class='ocrx_word' id='word_1_220' title='bbox 411 3695 473 3765; x_wconf 89' lang='lat' dir='ltr'>est,</span> <span class='ocrx_word' id='word_1_221' title='bbox 501 3695 620 3752; x_wconf 90' lang='lat' dir='ltr'>utrum</span> <span class='ocrx_word' id='word_1_222' title='bbox 644 3685 797 3775; x_wconf 89' lang='lat' dir='ltr'>exceptio</span> <span class='ocrx_word' id='word_1_223' title='bbox 821 3683 910 3752; x_wconf 88' lang='lat' dir='ltr'>facta</span> <span class='ocrx_word' id='word_1_224' title='bbox 922 3695 1079 3774; x_wconf 87' lang='lat' dir='ltr'>respectu</span> <span class='ocrx_word' id='word_1_225' title='bbox 1102 3683 1322 3774; x_wconf 75' lang='lat' dir='ltr'>exceptionis</span> 
     </span>
     <span class='ocr_line' id='line_1_28' title="bbox 88 3803 1326 3897; baseline 0 -22"><span class='ocrx_word' id='word_1_226' title='bbox 88 3819 99 3875; x_wconf 86' lang='lat' dir='ltr'>t</span> <span class='ocrx_word' id='word_1_227' title='bbox 124 3806 280 3896; x_wconf 91' lang='lat' dir='ltr'>exceptio</span> <span class='ocrx_word' id='word_1_228' title='bbox 304 3803 509 3897; x_wconf 91' lang='lat' dir='ltr'>simpliciter</span> <span class='ocrx_word' id='word_1_229' title='bbox 532 3818 564 3878; x_wconf 93' lang='lat' dir='ltr'>et</span> <span class='ocrx_word' id='word_1_230' title='bbox 589 3804 780 3877; x_wconf 89' lang='lat' dir='ltr'>secundum</span> <span class='ocrx_word' id='word_1_231' title='bbox 815 3806 911 3893; x_wconf 92' lang='lat' dir='ltr'>quid.</span> <span class='ocrx_word' id='word_1_232' title='bbox 940 3811 1107 3889; x_wconf 84' lang='lat' dir='ltr'>Quartum</span> <span class='ocrx_word' id='word_1_233' title='bbox 1132 3820 1183 3876; x_wconf 90' lang='lat' dir='ltr'>est</span> <span class='ocrx_word' id='word_1_234' title='bbox 1207 3809 1250 3878; x_wconf 90' lang='lat' dir='ltr'>de</span> <span class='ocrx_word' id='word_1_235' title='bbox 1274 3808 1326 3877; x_wconf 92' lang='lat' dir='ltr'>di-</span> 
     </span>
     <span class='ocr_line' id='line_1_29' title="bbox 88 3929 1402 4022; baseline 0.003 -24"><span class='ocrx_word' id='word_1_236' title='bbox 88 3930 227 3999; x_wconf 91' lang='lat' dir='ltr'>nctione</span> <span class='ocrx_word' id='word_1_237' title='bbox 252 3929 341 4000; x_wconf 86' lang='lat' dir='ltr'>facta</span> <span class='ocrx_word' id='word_1_238' title='bbox 364 3931 455 3999; x_wconf 89' lang='lat' dir='ltr'>circa</span> <span class='ocrx_word' id='word_1_239' title='bbox 480 3931 570 4013; x_wconf 88' lang='lat' dir='ltr'>hoc,</span> <span class='ocrx_word' id='word_1_240' title='bbox 597 3930 690 4018; x_wconf 89' lang='lat' dir='ltr'>quod</span> <span class='ocrx_word' id='word_1_241' title='bbox 714 3931 817 4011; x_wconf 86' lang='lat' dir='ltr'>dico,</span> <span class='ocrx_word' id='word_1_242' title='bbox 842 3941 998 4021; x_wconf 80' lang='lat' dir='ltr'>praeter,</span> <span class='ocrx_word' id='word_1_243' title='bbox 1025 3931 1118 4017; x_wconf 89' lang='lat' dir='ltr'>quod</span> <span class='ocrx_word' id='word_1_244' title='bbox 1143 3933 1252 4021; x_wconf 89' lang='lat' dir='ltr'>possit</span> <span class='ocrx_word' id='word_1_245' title='bbox 1277 3943 1324 4002; x_wconf 91' lang='lat' dir='ltr'>te·</span> <span class='ocrx_word' id='word_1_246' title='bbox 1400 4018 1402 4022; x_wconf 13' lang='grc' dir='ltr'><strong><em>ι</em></strong></span> 
     </span>
     <span class='ocr_line' id='line_1_30' title="bbox 88 4053 1316 4143; baseline 0.005 -21"><span class='ocrx_word' id='word_1_247' title='bbox 88 4054 114 4122; x_wconf 88' lang='lat' dir='ltr'>ri</span> <span class='ocrx_word' id='word_1_248' title='bbox 140 4053 316 4143; x_wconf 86' lang='lat' dir='ltr'>exceptive</span> <span class='ocrx_word' id='word_1_249' title='bbox 341 4076 401 4122; x_wconf 89' lang='lat' dir='ltr'>seu</span> <span class='ocrx_word' id='word_1_250' title='bbox 425 4054 642 4125; x_wconf 88' lang='lat' dir='ltr'>diminutive.</span> <span class='ocrx_word' id='word_1_251' title='bbox 670 4055 835 4138; x_wconf 83' lang='lat' dir='ltr'>Quintum</span> <span class='ocrx_word' id='word_1_252' title='bbox 860 4066 921 4135; x_wconf 89' lang='lat' dir='ltr'>est,</span> <span class='ocrx_word' id='word_1_253' title='bbox 949 4065 1067 4124; x_wconf 90' lang='lat' dir='ltr'>utrum</span> <span class='ocrx_word' id='word_1_254' title='bbox 1091 4055 1175 4125; x_wconf 87' lang='lat' dir='ltr'>haec</span> <span class='ocrx_word' id='word_1_255' title='bbox 1200 4056 1316 4139; x_wconf 83' lang='lat' dir='ltr'>dictio.</span> 
     </span>
     <span class='ocr_line' id='line_1_31' title="bbox 88 4177 914 4270; baseline -0.001 -23"><span class='ocrx_word' id='word_1_256' title='bbox 88 4181 118 4258; x_wconf 72' lang='grc' dir='ltr'>τί,</span> <span class='ocrx_word' id='word_1_257' title='bbox 151 4177 261 4267; x_wconf 92' lang='lat' dir='ltr'>possit</span> <span class='ocrx_word' id='word_1_258' title='bbox 283 4178 391 4247; x_wconf 89' lang='lat' dir='ltr'>teneri</span> <span class='ocrx_word' id='word_1_259' title='bbox 414 4179 586 4270; x_wconf 92' lang='lat' dir='ltr'>exceptive</span> <span class='ocrx_word' id='word_1_260' title='bbox 609 4179 662 4248; x_wconf 91' lang='lat' dir='ltr'>vel</span> <span class='ocrx_word' id='word_1_261' title='bbox 686 4180 914 4249; x_wconf 91' lang='lat' dir='ltr'>consecutive.</span> 
     </span>
    </p>

    <p class='ocr_par' dir='ltr' id='par_1_6' title="bbox 132 4301 1321 4394">
     <span class='ocr_line' id='line_1_32' title="bbox 132 4301 1321 4394; baseline 0.006 -28"><span class='ocrx_word' id='word_1_262' title='bbox 132 4301 263 4371; x_wconf 84' lang='lat' dir='ltr'>«Circa</span> <span class='ocrx_word' id='word_1_263' title='bbox 287 4302 440 4392; x_wconf 89' lang='lat' dir='ltr'>primum</span> <span class='ocrx_word' id='word_1_264' title='bbox 465 4304 514 4373; x_wconf 89' lang='lat' dir='ltr'>sic</span> <span class='ocrx_word' id='word_1_265' title='bbox 539 4304 748 4394; x_wconf 83' lang='lat' dir='ltr'>proceditur.</span> <span class='ocrx_word' id='word_1_266' title='bbox 776 4304 905 4373; x_wconf 86' lang='lat' dir='ltr'>Dicitur</span> <span class='ocrx_word' id='word_1_267' title='bbox 928 4304 1022 4373; x_wconf 91' lang='lat' dir='ltr'>enim</span> <span class='ocrx_word' id='word_1_268' title='bbox 1043 4306 1135 4392; x_wconf 90' lang='lat' dir='ltr'>quod</span> <span class='ocrx_word' id='word_1_269' title='bbox 1153 4308 1321 4376; x_wconf 86' lang='lat' dir='ltr'>terminus</span> 
     </span>
    </p>
   </div>
   <div class='ocr_carea' id='block_1_4' title="bbox 0 0 1516 4844">
    <p class='ocr_par' dir='ltr' id='par_1_7' title="bbox 0 0 1516 4844">
     <span class='ocr_line' id='line_1_33' title="bbox 0 0 1516 4844; baseline 0 0"><span class='ocrx_word' id='word_1_270' title='bbox 0 0 1516 4844; x_wconf 95' lang='lat' dir='ltr'> </span> 
     </span>
    </p>
   </div>
  </div>
 </body>
</html>
