3022 4844
664 231 706 240 —-
730 194 794 259 272
820 223 852 238 -

127 330 250 403 Psalm.
290 336 335 399 To
373 354 407 399 es
448 332 600 401 sacerdos
633 335 668 401 c'o
711 343 883 401 oeternum
924 334 1103 407 secondom
1135 334 1308 402 ordineml

126 455 299 524 chisedech
329 454 381 544 (l)
384 510 449 523 .....
486 455 579 537 Quod
619 456 647 525 si
685 455 850 538 forsitan,
889 456 981 542 quod
1018 455 1132 538 absit,
1171 455 1288 544 aliquid

123 602 268 661 camus,
294 581 354 668 qui
392 602 513 671 parvae
546 580 797 672 experientiae,
829 581 973 671 exiguae
1007 580 1196 675 sapientiae
1226 581 1308 673 parvi

127 706 288 795 temporis
321 727 462 785 sumus,
498 704 590 791 quod
625 707 819 796 Scripturas
855 728 971 777 sacrae
1006 718 1066 776 aut
1103 706 1225 781 litteris
1255 729 1308 796 exp

127 830 257 901 toribus
303 831 431 917 absque
475 830 580 900 dubio
626 831 867 912 contradicat;
900 831 986 901 illud
1025 834 1054 901 si
1097 803 1308 924 cognoverim

85 928 89 937 Ι
127 978 188 1025 nec
233 968 345 1024 tenere
385 956 545 1025 volumus
592 968 624 1025 et
660 969 835 1042 tamquam
873 956 999 1026 salsum
1032 959 1308 1048 reprobamuS,v

126 1090 295 1171 reptorem
337 1079 484 1149 liberum
522 1091 739 1171 peroptantes
772 1081 807 1148 in
850 1093 942 1150 tanta
986 1083 1226 1172 pervagatione
1257 1104 1308 1151 seo

126 1209 166 1273 ln
198 1227 266 1290 quo
302 1215 414 1294 stupet
452 1205 503 1272 vir
534 1204 783 1275 desideriorum
820 1216 853 1273 et
888 1207 1121 1291 conqueritur,
1146 1228 1185 1275 eo
1207 1207 1289 1293 quod

125 1329 169 1398 sit
223 1329 284 1416 qui
320 1329 558 1420 interpretetur
600 1330 682 1416 quia
727 1333 838 1399 clausi
877 1333 1068 1422 siprrotc'qoe
1110 1343 1188 1400 scot
1229 1356 1308 1401 serm

42 1470 46 1477 ·
125 1476 229 1545 osque
258 1455 302 1523 cd
320 1456 539 1545 praefinitum
570 1466 698 1546 tempor
730 1455 792 1545 (2).
820 1461 915 1525 Nunc
944 1457 1159 1547 arrogantiae
1192 1468 1308 1548 reputet

124 1578 216 1664 quod
241 1589 309 1648 tam
335 1579 471 1668 sapiens
496 1580 660 1670 propheta
686 1580 855 1670 ignoravit
888 1603 949 1671 pro
982 1593 1098 1650 nostro
1130 1582 1268 1650 modulo
1289 1581 1307 1647 ir

123 1725 216 1794 gare.
244 1709 327 1774 Cum
351 1713 384 1772 et
406 1703 515 1772 eidem
553 1704 700 1794 Angelus
724 1703 926 1794 dixerit(3):
960 1706 1223 1775 Pertransibunt
1250 1705 1308 1796 plur

126 1841 158 1899 et
173 1827 352 1918 multiplex
375 1828 438 1897 erit
463 1827 700 1918 intelligentia,
726 1842 758 1897 et
782 1830 898 1919 impie,
925 1831 1051 1917 inquit,
1078 1843 1182 1922 agent
1198 1831 1299 1922 impii.

126 1952 316 2044 intelligent
340 1953 461 2042 impii,
490 1976 590 2043 porro
615 1954 704 2023 docti
737 1954 943 2044 intelligent(
975 1960 1013 2023 ln
1048 1977 1117 2042 quo
1149 1957 1249 2025 nobis
1281 1962 1308 2023 ,tr

124 2076 179 2146 lus
203 2077 505 2166 praemonstravit,
539 2077 621 2163 quia
645 2099 705 2166 per
728 2078 974 2168 inspectionem
1000 2080 1275 2169 scripturarum.
1306 2103 1308 2167 t

124 2201 258 2269 venient
281 2200 324 2269 ad
348 2201 575 2291 cognitionem
599 2201 739 2271 illorum
765 2214 970 2293 temporum,
998 2208 1037 2271 Et
1061 2205 1230 2274 Dominus
1252 2225 1308 2272 eun

120 2324 192 2397 illis
216 2324 426 2414 temporibus
450 2324 629 2394 ecclesiam
658 2327 901 2415 praemuniret,
928 2329 985 2397 ait:
1014 2331 1080 2410 (lai
1103 2333 1188 2418 legit
1205 2331 1308 2416 intelli}

118 2452 201 2542 quio
226 2451 450 2539 intelligent-io
473 2474 554 2541 opos
579 2461 627 2519 est
653 2454 687 2519 in
716 2453 839 2520 visione
866 2452 927 2541 (l).
955 2448 1019 2520 Nec
1044 2451 1087 2521 ad
1118 2456 1308 2542 praemissu

116 2574 381 2665 intelligentiam
406 2574 606 2655 monuisset,
633 2575 663 2643 si
687 2574 826 2644 illorum
858 2575 1082 2666 intelligentia
1112 2600 1130 2644 a
1163 2578 1308 2663 line-exq

121 2722 189 2768 non
226 2700 361 2768 valeret.
389 2698 469 2768 Ideo
500 2700 615 2790 ipsum
650 2700 825 2769 humiliter
859 2710 892 2769 et
923 2701 1106 2771 affectuose
1140 2672 1306 2795 rogamus.

121 2798 330 2895 intellectum
355 2826 532 2916 praebeat,
558 2827 619 2912 qui
643 2848 705 2895 nos
739 2825 799 2895 illa
832 2839 984 2916 tempora
1018 2828 1226 2920 investigare
1249 2852 1308 2897 mor

120 2950 204 3037 quia
227 2949 424 3041 peripsum
449 2940 585 3020 situatae
610 2950 779 3020 Ecclesiae
803 2951 911 3021 multa
935 2964 1016 3021 sunt
1047 2952 1090 3020 de
1123 2952 1251 3025 futuris
1273 2975 1308 3042 ap

123 3076 316 3146 revelanda.
342 3077 489 3162 quaein
516 3078 691 3147 retroactis
724 3078 936 3167 temporibus
969 3078 1034 3147 sub
1066 3079 1275 3165 quibusdam
1297 3078 1308 3146 l

122 3224 239 3272 rarum
264 3201 503 3283 velaminibus,
531 3215 613 3272 sunt
635 3203 814 3273 absconsa.
834 3204 928 3273 Sicut
951 3203 1034 3272 dicit
1050 3204 1173 3273 beatus
1189 3210 1308 3295 Gregor

123 3325 265 3396 libro'rx
294 3327 408 3397 Moral.
435 3328 497 3418 (5):
527 3335 678 3419 Urpercte,
707 3330 831 3416 inquit,
852 3332 972 3399 mundi
994 3332 1071 3418 pice,
1105 3353 1251 3421 superno
1281 3354 1308 3399 se

122 3455 171 3522 tio
194 3455 337 3544 proficit,
367 3465 398 3522 et
425 3457 555 3544 largior
587 3479 662 3524 eom
691 3467 834 3545 tempore
856 3457 1017 3524 emerescc‘t
1022 3511 1088 3524 .....
1106 3461 1178 3527 Non
1194 3456 1308 3544 quodt

123 3600 207 3667 pora
230 3579 477 3669 persecutionis
510 3581 672 3664 ultimae,
708 3581 799 3651 diem
830 3582 880 3650 vel
916 3582 1035 3650 horam
1069 3582 1208 3673 signare
1246 3584 1305 3652 reli

123 3716 183 3773 aut
207 3704 391 3774 adventum
418 3707 564 3789 Domini,
591 3709 651 3794 qui
675 3708 771 3778 illam
796 3707 1066 3798 persecutionem
1093 3709 1208 3777 statim
1239 3732 1308 3796 seqt

148 4024 176 4076 (1)
191 4028 251 4066 Paul.
267 4027 311 4072 me,
325 4037 346 4066 v.
362 4029 381 4066 4.

150 4105 177 4151 (t)
191 4107 248 4145 Dan.
263 4107 294 4151 12,
308 4109 362 4153 vett.

146 4190 174 4237 (3)
187 4192 244 4230 Dan.
261 4193 293 4238 12,
310 4203 334 4232 v.
349 4195 362 4232 4
378 4195 402 4233 et
419 4194 449 4235 lt.

147 4270 173 4317 (4)
188 4271 245 4309 Dan.
261 4272 292 4316 10,
306 4282 327 4311 v.
344 4274 361 4311 l.

144 4351 173 4397 (ὅ)
187 4350 240 4398 cop.
255 4351 274 4396 6,
288 4362 350 4393 num.
366 4354 397 4393 15.
