3022 4844
72 108 107 165 et
133 96 259 165 timens
283 98 402 173 Deum,
429 107 462 160 et
485 93 647 160 recedens
670 94 706 182 (a
721 93 851 182 malo)f
874 97 1015 164 Servum
1048 106 1144 165 vocat
1167 118 1247 166 eum
1278 120 1355 187 pro-

71 230 150 310 pter
175 217 419 296 humilitatem,
443 216 526 301 quia
545 228 595 284 est
620 216 765 305 simplex
788 216 825 284 in
850 217 1038 286 intentione
1063 219 1199 300 mentis;
1233 223 1353 290 timens

72 347 181 411 Deum
203 340 239 408 in
269 339 470 418 affectione,
499 350 530 407 et
552 340 707 407 recedens
738 362 760 407 o
794 344 884 409 anulo
919 341 955 408 in
988 341 1184 431 operatione
1217 343 1347 412 divina.

73 471 200 535 Servus
232 463 298 532 suit
320 472 540 552 computatus
563 462 675 530 cultor
698 462 756 530 Dei
780 462 1000 553 magnificus;
1018 463 1054 531 in
1072 465 1236 535 omnibus
1260 487 1350 552 quae

72 589 144 680 egit
167 588 218 657 vel
255 587 431 667 sustinuit,
467 591 571 655 Deum
599 585 762 654 laudavit.
797 587 873 656 Nati
896 598 978 655 sunt
1007 587 1039 654 ei
1068 601 1198 677 septem
1223 587 1286 656 filii
1320 599 1354 657 et

73 724 143 782 tres
179 711 281 780 filiae.
316 711 381 779 Job
414 711 658 798 interpretatur
691 709 830 790 dolens,
867 721 899 779 et
933 711 1020 779 bene
1056 711 1169 800 signat
1208 712 1347 780 beatum

72 836 308 915 Franciscum,
334 832 418 921 quia
440 834 509 902 vita
543 832 619 922 ejus
646 833 749 922 plena
786 832 904 902 dolore
939 832 1015 904 fuit.
1044 839 1185 924 Semper
1222 833 1287 903 suit
1310 835 1346 902 in

72 959 260 1048 lacrymis,
299 957 429 1026 deflens
465 967 603 1046 peccata
635 957 775 1046 propria
798 957 850 1026 vel
883 957 1008 1026 aliena.
1047 958 1082 1026 si
1117 958 1345 1047 respiciamus
1381 960 1393 981 ‘

72 1083 225 1174 primam
259 1082 335 1171 ejus
373 1081 590 1172 genituram,
617 1081 730 1169 primo
762 1081 884 1151 hahuit
917 1094 1047 1172 septem
1083 1080 1204 1152 fratres
1225 1083 1351 1172 etipse

72 1207 138 1276 fuit
157 1217 309 1285 octavus;
330 1218 373 1285 et,
400 1205 544 1275 Domino
567 1205 770 1294 imperante,
795 1205 910 1273 divisit
933 1227 991 1274 eos
1014 1206 1049 1272 in
1074 1217 1223 1292 quatuor
1238 1216 1351 1295 partes

73 1330 210 1409 mundi,
238 1342 271 1398 et
295 1330 389 1398 misit
419 1351 477 1397 eos
497 1328 598 1397 binos
617 1341 649 1398 et
664 1328 778 1410 binos,
804 1338 837 1397 et
861 1329 1055 1399 secundum
1085 1352 1188 1398 suum
1213 1328 1348 1398 deside-

70 1453 165 1522 rium
189 1453 357 1522 Dominus
380 1452 515 1521 reduxit
546 1474 603 1521 eos
624 1451 740 1520 simul.
768 1453 894 1522 Habuit
918 1453 1021 1522 etiam
1046 1464 1114 1521 tres
1138 1452 1239 1533 filias,
1266 1454 1350 1539 quia

70 1578 108 1645 in
133 1575 306 1666 principio
329 1575 598 1645 conversationis
635 1597 717 1644 suae
748 1588 816 1644 tres
841 1575 1004 1644 ecclesias
1038 1575 1212 1644 fundavit:
1239 1596 1347 1643 unam

69 1700 108 1769 in
132 1700 299 1769 honorem
324 1709 523 1767 sanctorum
555 1702 695 1766 Cosmae
722 1708 754 1766 et
792 1698 972 1778 Damiani,
1012 1698 1117 1766 aliam
1153 1698 1346 1767 aedificavit

67 1822 230 1913 Apostolo
252 1827 359 1901 Petro,
387 1821 521 1889 tertiam
556 1821 673 1889 beatae
703 1820 845 1910 Virgini:
878 1831 910 1889 et
947 1821 983 1888 in
1020 1820 1085 1890 ista
1109 1821 1207 1890 tertia
1232 1823 1347 1891 Domi-

67 1968 142 2015 nus
176 1945 330 2013 rcvelavit
353 1945 385 2013 ei
415 1944 518 2013 vitam
542 1966 648 2031 quam
672 1944 798 2014 ducere
821 1943 977 2013 debebat.
1005 1950 1043 2013 Et
1067 1955 1135 2013 tres
1159 1944 1343 2034 religiones

66 2068 236 2138 instituit:
271 2068 385 2157 prima
418 2067 538 2157 religio
570 2066 635 2136 suit
668 2068 751 2136 ordo
785 2066 929 2137 fratrum
964 2068 1158 2137 llinorum:
1197 2069 1349 2137 secunda

65 2192 152 2261 ordo
190 2212 347 2260 sororum
382 2190 500 2258 heatae
539 2190 674 2271 Clarae,
711 2213 799 2276 quae
833 2191 946 2281 primo
982 2191 1186 2259 dicebantur
1219 2212 1348 2285 paupe-

63 2336 121 2383 res
146 2311 309 2382 dominae
333 2302 530 2380 sanctorum
566 2316 707 2381 Cosmae
744 2326 776 2382 et
815 2313 989 2392 Damiani,
1028 2311 1130 2380 modo
1163 2321 1347 2402 postquam

62 2439 168 2508 beata
201 2435 299 2504 Clara
332 2447 383 2504 est
418 2435 629 2517 canonizata,
657 2436 823 2505 dicuntur
853 2457 987 2505 sorores
1010 2436 1129 2504 beatae
1153 2434 1281 2504 Clarae.
1308 2442 1347 2505 Et

61 2558 218 2630 instituit
241 2558 380 2627 tertium
404 2558 581 2639 ordinem,
607 2559 669 2644 qui
694 2570 832 2627 vocatur
856 2557 945 2626 Ordo
982 2558 1259 2648 poenitentium,
1286 2558 1347 2645 qui

61 2683 235 2752 dicuntur
258 2680 378 2749 fratres
402 2680 627 2749 continentes.
655 2685 741 2750 Istas
764 2679 949 2771 religiones
972 2680 1073 2767 quusi
1096 2693 1163 2749 tros
1180 2679 1270 2749 filias
1293 2682 1345 2749 in-

60 2805 189 2885 stituit,
215 2813 248 2872 et
266 2802 472 2871 ordinantur
496 2803 538 2870 ad
569 2802 702 2872 cultum
727 2804 785 2872 Dei
791 2858 873 2871 ......
893 2826 911 2869 »

76 3006 80 3013 ,
159 2954 176 2996 «
204 2932 388 3021 Gregorius
413 2954 526 3001 nonus
550 2931 675 3020 plenus
700 2932 887 3021 sapientia,
915 2942 1055 3022 proptor
1079 2928 1346 2999 liuniliaritatem

10 3134 12 3139 ,
58 3075 171 3142 quam
197 3054 318 3123 habuit
341 3076 421 3123 cum
445 3055 479 3123 b.
507 3055 700 3136 Francisco,
715 3054 825 3124 factus
841 3069 891 3124 est
906 3056 982 3145 ejus
998 3055 1160 3127 imitator,
1182 3066 1212 3121 ot
1232 3054 1266 3120 in
1282 3074 1346 3121 suu

10 3232 12 3243 .
59 3196 203 3245 camera
227 3176 349 3247 habuit
372 3177 547 3267 leprosum
571 3177 628 3245 cui
653 3178 821 3247 serviebat
842 3178 878 3246 in
905 3177 1022 3246 tunica
1041 3176 1168 3246 fratris.
1188 3174 1344 3259 Qtnttlam

10 3308 24 3396 'p
60 3298 119 3368 die
143 3299 232 3368 dixit
256 3299 313 3368 ille
338 3300 506 3389 leprosus:
533 3306 605 3369 Non
639 3301 742 3371 habet
775 3305 941 3369 Summus
969 3298 1122 3369 Pontifex
1146 3300 1213 3367 nisi
1239 3300 1345 3367 istum

10 3398 16 3507 Ξ
61 3444 184 3493 senem
209 3423 271 3508 qui
294 3423 381 3491 mihi
404 3424 586 3492 ministret:
615 3424 720 3492 nimis
744 3423 908 3513 fatigatur
912 3478 994 3491 ......
1022 3427 1144 3491 Beatus
1168 3421 1336 3491 Pacificus

10 3533 19 3617 i
60 3543 179 3625 frater,
217 3544 279 3630 qui
302 3545 438 3634 primus
471 3545 628 3615 ordinem
653 3545 799 3615 fratrum
825 3545 971 3634 portavit
995 3545 1032 3611 in
1058 3544 1251 3623 Franciam,
1277 3542 1341 3611 fuit

59 3670 111 3739 vir
147 3690 298 3759 magnae
332 3670 533 3739 sanctitatis:
572 3683 604 3740 et
636 3693 717 3739 cum
750 3682 862 3740 oraret
899 3671 936 3738 in
968 3668 1114 3739 eeclesia
1137 3691 1219 3737 cum
1244 3668 1342 3736 heato

57 3793 245 3863 francisco
268 3793 420 3880 quadam
445 3793 511 3875 die,
547 3806 580 3863 et
613 3806 793 3885 soporatus
816 3804 916 3875 esset,
943 3792 1029 3861 vidit
1052 3791 1188 3862 coelum
1212 3788 1339 3881 aperiri

18 3902 26 4041 *p
54 3928 85 3989 et
110 3918 150 3987 in
176 3916 274 3986 coelo
298 3916 568 4006 pulcherrimam
591 3918 811 3997 cathedram;
839 3917 935 4007 petiit
964 3916 1065 4005 cujus
1098 3926 1187 3983 esset
1219 3914 1335 3983 cathe-

19 4044 25 4098 Ι
51 4040 130 4125 dra,
158 4050 194 4135 et
219 4040 351 4110 dictum
376 4055 426 4110 est
449 4042 498 4110 ei:
525 4041 729 4111 Cathedram
764 4041 867 4109 istam
891 4039 1008 4109 amisit
1037 4037 1171 4108 Lucifer
1196 4048 1337 4127 propter
