<?xml version="1.0" encoding="UTF-8"?>
<!DOCTYPE html PUBLIC "-//W3C//DTD XHTML 1.0 Transitional//EN"
    "http://www.w3.org/TR/xhtml1/DTD/xhtml1-transitional.dtd">
<html xmlns="http://www.w3.org/1999/xhtml" xml:lang="en" lang="en">
 <head>
  <title>
</title>
<meta http-equiv="Content-Type" content="text/html;charset=utf-8" />
  <meta name='ocr-system' content='tesseract 3.04.00' />
  <meta name='ocr-capabilities' content='ocr_page ocr_carea ocr_par ocr_line ocrx_word'/>
</head>
<body>
  <div class='ocr_page' id='page_1' title='image "./rationovaecolle00fanngoog_0144.png"; bbox 0 0 3022 4844; ppageno 0'>
   <div class='ocr_carea' id='block_1_1' title="bbox 475 368 858 468">
    <p class='ocr_par' dir='ltr' id='par_1_1' title="bbox 475 368 858 468">
     <span class='ocr_line' id='line_1_1' title="bbox 475 368 858 468; baseline 0.008 -3"><span class='ocrx_word' id='word_1_1' title='bbox 475 432 477 437; x_wconf 65' lang='lat'>,</span> <span class='ocrx_word' id='word_1_2' title='bbox 542 368 735 468; x_wconf 79' lang='lat' dir='ltr'>CAPUT</span> <span class='ocrx_word' id='word_1_3' title='bbox 783 375 858 468; x_wconf 88' lang='lat'>111.</span> 
     </span>
    </p>
   </div>
   <div class='ocr_carea' id='block_1_2' title="bbox 26 752 1334 1061">
    <p class='ocr_par' dir='ltr' id='par_1_2' title="bbox 26 752 1334 1061">
     <span class='ocr_line' id='line_1_2' title="bbox 268 752 1085 848; baseline -0.004 -20"><span class='ocrx_word' id='word_1_4' title='bbox 268 806 271 811; x_wconf 90' lang='lat'>-</span> <span class='ocrx_word' id='word_1_5' title='bbox 311 753 474 837; x_wconf 74' lang='lat' dir='ltr'><strong>Quaedam</strong></span> <span class='ocrx_word' id='word_1_6' title='bbox 493 752 580 826; x_wconf 86' lang='lat' dir='ltr'><strong>circa</strong></span> <span class='ocrx_word' id='word_1_7' title='bbox 607 755 761 827; x_wconf 84' lang='lat' dir='ltr'><strong>naturam</strong></span> <span class='ocrx_word' id='word_1_8' title='bbox 781 753 940 848; x_wconf 83' lang='lat' dir='ltr'><strong>praedicti</strong></span> <span class='ocrx_word' id='word_1_9' title='bbox 959 752 1085 834; x_wconf 87' lang='lat' dir='ltr'><strong>codicis.</strong></span> 
     </span>
     <span class='ocr_line' id='line_1_3' title="bbox 26 912 1334 1061; baseline -0.008 -68"><span class='ocrx_word' id='word_1_10' title='bbox 26 919 77 993; x_wconf 77' lang='lat' dir='ltr'><strong>et</strong></span> <span class='ocrx_word' id='word_1_11' title='bbox 116 914 351 1061; x_wconf 35' lang='lat' dir='ltr'><strong>laenzqoan</strong></span> <span class='ocrx_word' id='word_1_12' title='bbox 372 916 534 1013; x_wconf 85' lang='lat' dir='ltr'><strong>meretur,</strong></span> <span class='ocrx_word' id='word_1_13' title='bbox 569 914 780 996; x_wconf 84' lang='lat' dir='ltr'><strong>adnotantur.</strong></span> <span class='ocrx_word' id='word_1_14' title='bbox 817 916 916 1008; x_wconf 87' lang='lat' dir='ltr'><strong>atquo</strong></span> <span class='ocrx_word' id='word_1_15' title='bbox 943 913 1080 986; x_wconf 87' lang='lat' dir='ltr'><strong>indiculi</strong></span> <span class='ocrx_word' id='word_1_16' title='bbox 1106 933 1163 986; x_wconf 83' lang='lat' dir='ltr'><strong>ocu</strong></span> <span class='ocrx_word' id='word_1_17' title='bbox 1189 912 1334 992; x_wconf 83' lang='lat' dir='ltr'><strong>tabulae,</strong></span> 
     </span>
    </p>
   </div>
   <div class='ocr_carea' id='block_1_3' title="bbox 55 1071 1250 1173">
    <p class='ocr_par' dir='ltr' id='par_1_3' title="bbox 55 1071 1250 1173">
     <span class='ocr_line' id='line_1_4' title="bbox 55 1071 1250 1173; baseline -0.007 -21"><span class='ocrx_word' id='word_1_18' title='bbox 55 1168 58 1173; x_wconf 22' lang='grc' dir='ltr'>Ι</span> <span class='ocrx_word' id='word_1_19' title='bbox 138 1076 224 1151; x_wconf 88' lang='lat' dir='ltr'><strong>alibi</strong></span> <span class='ocrx_word' id='word_1_20' title='bbox 244 1075 418 1151; x_wconf 75' lang='lat' dir='ltr'>exactiores</span> <span class='ocrx_word' id='word_1_21' title='bbox 437 1077 472 1149; x_wconf 89' lang='lat' dir='ltr'><strong>ot</strong></span> <span class='ocrx_word' id='word_1_22' title='bbox 489 1075 598 1169; x_wconf 88' lang='lat' dir='ltr'><strong>pluroo</strong></span> <span class='ocrx_word' id='word_1_23' title='bbox 617 1094 655 1146; x_wconf 89' lang='lat' dir='ltr'><strong>or</strong></span> <span class='ocrx_word' id='word_1_24' title='bbox 673 1074 782 1149; x_wconf 88' lang='lat' dir='ltr'><strong>codem</strong></span> <span class='ocrx_word' id='word_1_25' title='bbox 802 1071 1025 1156; x_wconf 85' lang='lat' dir='ltr'><strong>conficiendae,</strong></span> <span class='ocrx_word' id='word_1_26' title='bbox 1046 1072 1250 1146; x_wconf 86' lang='lat' dir='ltr'><strong>exhibentur.</strong></span> 
     </span>
    </p>
   </div>
   <div class='ocr_carea' id='block_1_4' title="bbox 10 1600 1413 4442">
    <p class='ocr_par' dir='ltr' id='par_1_4' title="bbox 14 1600 1413 2955">
     <span class='ocr_line' id='line_1_5' title="bbox 117 1600 1331 1705; baseline -0.007 -16"><span class='ocrx_word' id='word_1_27' title='bbox 117 1600 322 1705; x_wconf 75' lang='lat' dir='ltr'><strong>¹integrum</strong></span> <span class='ocrx_word' id='word_1_28' title='bbox 347 1612 624 1704; x_wconf 88' lang='lat' dir='ltr'><strong>manuscriptum</strong></span> <span class='ocrx_word' id='word_1_29' title='bbox 655 1612 830 1695; x_wconf 85' lang='lat' dir='ltr'>codicem,</span> <span class='ocrx_word' id='word_1_30' title='bbox 866 1613 966 1702; x_wconf 85' lang='lat' dir='ltr'><strong>cujus</strong></span> <span class='ocrx_word' id='word_1_31' title='bbox 987 1611 1143 1681; x_wconf 82' lang='lat' dir='ltr'><strong>rubricas</strong></span> <span class='ocrx_word' id='word_1_32' title='bbox 1165 1611 1201 1679; x_wconf 94' lang='lat' dir='ltr'><strong>in</strong></span> <span class='ocrx_word' id='word_1_33' title='bbox 1226 1633 1331 1702; x_wconf 91' lang='lat' dir='ltr'><strong>supe-</strong></span> 
     </span>
     <span class='ocr_line' id='line_1_6' title="bbox 18 1735 1330 1830; baseline -0.005 -19"><span class='ocrx_word' id='word_1_34' title='bbox 18 1738 140 1825; x_wconf 56' lang='lat' dir='ltr'><strong>,riori</strong></span> <span class='ocrx_word' id='word_1_35' title='bbox 176 1737 289 1830; x_wconf 86' lang='lat' dir='ltr'><strong>capite</strong></span> <span class='ocrx_word' id='word_1_36' title='bbox 311 1737 477 1829; x_wconf 79' lang='lat' dir='ltr'>praebui,</span> <span class='ocrx_word' id='word_1_37' title='bbox 522 1736 786 1828; x_wconf 86' lang='lat' dir='ltr'><strong>diligentissime</strong></span> <span class='ocrx_word' id='word_1_38' title='bbox 815 1747 847 1808; x_wconf 91' lang='lat' dir='ltr'><strong>et</strong></span> <span class='ocrx_word' id='word_1_39' title='bbox 881 1746 971 1806; x_wconf 91' lang='lat' dir='ltr'><strong>recte</strong></span> <span class='ocrx_word' id='word_1_40' title='bbox 1002 1735 1184 1826; x_wconf 78' lang='lat' dir='ltr'><strong>descripsit</strong></span> <span class='ocrx_word' id='word_1_41' title='bbox 1216 1736 1330 1806; x_wconf 87' lang='lat' dir='ltr'><strong>socius</strong></span> 
     </span>
     <span class='ocr_line' id='line_1_7' title="bbox 42 1859 1328 1955; baseline -0.005 -19"><span class='ocrx_word' id='word_1_42' title='bbox 42 1887 157 1937; x_wconf 87' lang='lat' dir='ltr'><strong>meus</strong></span> <span class='ocrx_word' id='word_1_43' title='bbox 194 1874 291 1955; x_wconf 87' lang='lat' dir='ltr'><strong>pater</strong></span> <span class='ocrx_word' id='word_1_44' title='bbox 314 1861 462 1932; x_wconf 79' lang='lat' dir='ltr'><strong>Basilius</strong></span> <span class='ocrx_word' id='word_1_45' title='bbox 486 1862 529 1932; x_wconf 90' lang='lat' dir='ltr'><strong>ab</strong></span> <span class='ocrx_word' id='word_1_46' title='bbox 562 1862 726 1952; x_wconf 80' lang='lat' dir='ltr'><strong>Arupino.</strong></span> <span class='ocrx_word' id='word_1_47' title='bbox 766 1860 943 1932; x_wconf 85' lang='lat' dir='ltr'><strong>Neminem</strong></span> <span class='ocrx_word' id='word_1_48' title='bbox 975 1881 1076 1951; x_wconf 92' lang='lat' dir='ltr'><strong>porro</strong></span> <span class='ocrx_word' id='word_1_49' title='bbox 1111 1859 1328 1930; x_wconf 82' lang='lat' dir='ltr'><strong>collectaneis</strong></span> 
     </span>
     <span class='ocr_line' id='line_1_8' title="bbox 45 1985 1324 2079; baseline -0.005 -20"><span class='ocrx_word' id='word_1_50' title='bbox 45 1989 388 2079; x_wconf 70' lang='lat' dir='ltr'><strong>manuscriptorum.</strong></span> <span class='ocrx_word' id='word_1_51' title='bbox 414 2009 613 2057; x_wconf 83' lang='lat' dir='ltr'><strong>sermonum</strong></span> <span class='ocrx_word' id='word_1_52' title='bbox 653 1986 924 2078; x_wconf 79' lang='lat' dir='ltr'><strong>pervestigandis</strong></span> <span class='ocrx_word' id='word_1_53' title='bbox 961 1997 1136 2056; x_wconf 89' lang='lat' dir='ltr'><strong>assuetum</strong></span> <span class='ocrx_word' id='word_1_54' title='bbox 1165 1985 1324 2076; x_wconf 83' lang='lat' dir='ltr'><strong>effugiet,</strong></span> 
     </span>
     <span class='ocr_line' id='line_1_9' title="bbox 42 2110 1329 2202; baseline -0.005 -17"><span class='ocrx_word' id='word_1_55' title='bbox 42 2114 206 2196; x_wconf 66' lang='lat' dir='ltr'><strong>codices</strong></span> <span class='ocrx_word' id='word_1_56' title='bbox 233 2113 293 2200; x_wconf 89' lang='lat' dir='ltr'><strong>qui</strong></span> <span class='ocrx_word' id='word_1_57' title='bbox 315 2122 363 2182; x_wconf 93' lang='lat' dir='ltr'><strong>tot</strong></span> <span class='ocrx_word' id='word_1_58' title='bbox 385 2112 662 2182; x_wconf 87' lang='lat' dir='ltr'><strong>circumstantias</strong></span> <span class='ocrx_word' id='word_1_59' title='bbox 679 2111 853 2202; x_wconf 90' lang='lat' dir='ltr'><strong>temporis,</strong></span> <span class='ocrx_word' id='word_1_60' title='bbox 873 2110 939 2180; x_wconf 88' lang='lat' dir='ltr'><strong>loci</strong></span> <span class='ocrx_word' id='word_1_61' title='bbox 962 2122 994 2180; x_wconf 93' lang='lat' dir='ltr'><strong>et</strong></span> <span class='ocrx_word' id='word_1_62' title='bbox 1018 2131 1243 2200; x_wconf 90' lang='lat' dir='ltr'><strong>personarum</strong></span> <span class='ocrx_word' id='word_1_63' title='bbox 1261 2122 1329 2179; x_wconf 90' lang='lat' dir='ltr'><strong>tra·</strong></span> 
     </span>
     <span class='ocr_line' id='line_1_10' title="bbox 43 2234 1413 2322; baseline -0.006 -11"><span class='ocrx_word' id='word_1_64' title='bbox 43 2238 167 2320; x_wconf 85' lang='lat' dir='ltr'><strong>dant,</strong></span> <span class='ocrx_word' id='word_1_65' title='bbox 208 2260 248 2307; x_wconf 91' lang='lat' dir='ltr'><strong>ac</strong></span> <span class='ocrx_word' id='word_1_66' title='bbox 280 2248 327 2308; x_wconf 92' lang='lat' dir='ltr'><strong>tot</strong></span> <span class='ocrx_word' id='word_1_67' title='bbox 360 2236 466 2306; x_wconf 89' lang='lat' dir='ltr'><strong>unius</strong></span> <span class='ocrx_word' id='word_1_68' title='bbox 495 2236 656 2319; x_wconf 89' lang='lat' dir='ltr'><strong>auctoris,</strong></span> <span class='ocrx_word' id='word_1_69' title='bbox 694 2259 766 2305; x_wconf 88' lang='lat' dir='ltr'><strong>una</strong></span> <span class='ocrx_word' id='word_1_70' title='bbox 799 2258 879 2305; x_wconf 87' lang='lat' dir='ltr'><strong>cum</strong></span> <span class='ocrx_word' id='word_1_71' title='bbox 915 2234 1062 2305; x_wconf 91' lang='lat' dir='ltr'><strong>aliorum</strong></span> <span class='ocrx_word' id='word_1_72' title='bbox 1099 2234 1325 2322; x_wconf 87' lang='lat' dir='ltr'><strong>quibusdam,</strong></span> <span class='ocrx_word' id='word_1_73' title='bbox 1409 2249 1413 2260; x_wconf 88' lang='lat'><em>·</em></span> 
     </span>
     <span class='ocr_line' id='line_1_11' title="bbox 46 2358 1326 2450; baseline -0.006 -14"><span class='ocrx_word' id='word_1_74' title='bbox 46 2384 236 2437; x_wconf 72' lang='lat' dir='ltr'><strong>sermones</strong></span> <span class='ocrx_word' id='word_1_75' title='bbox 271 2361 462 2444; x_wconf 89' lang='lat' dir='ltr'><strong>contineat,</strong></span> <span class='ocrx_word' id='word_1_76' title='bbox 493 2360 583 2430; x_wconf 92' lang='lat' dir='ltr'><strong>sicut</strong></span> <span class='ocrx_word' id='word_1_77' title='bbox 606 2372 720 2431; x_wconf 88' lang='lat' dir='ltr'><strong>noster</strong></span> <span class='ocrx_word' id='word_1_78' title='bbox 744 2359 880 2431; x_wconf 88' lang='lat' dir='ltr'><strong>italicus</strong></span> <span class='ocrx_word' id='word_1_79' title='bbox 899 2360 974 2450; x_wconf 85' lang='lat' dir='ltr'><strong>jam</strong></span> <span class='ocrx_word' id='word_1_80' title='bbox 1010 2359 1157 2442; x_wconf 78' lang='lat' dir='ltr'><strong>relatuS‚</strong></span> <span class='ocrx_word' id='word_1_81' title='bbox 1184 2358 1326 2429; x_wconf 86' lang='lat' dir='ltr'><strong>omnino</strong></span> 
     </span>
     <span class='ocr_line' id='line_1_12' title="bbox 14 2482 1328 2579; baseline -0.006 -20"><span class='ocrx_word' id='word_1_82' title='bbox 14 2482 129 2559; x_wconf 68' lang='lat' dir='ltr'><strong>&#39;osse</strong></span> <span class='ocrx_word' id='word_1_83' title='bbox 153 2509 325 2579; x_wconf 89' lang='lat' dir='ltr'><strong>perraros.</strong></span> <span class='ocrx_word' id='word_1_84' title='bbox 360 2490 485 2557; x_wconf 86' lang='lat' dir='ltr'><strong>Omnes</strong></span> <span class='ocrx_word' id='word_1_85' title='bbox 519 2496 633 2556; x_wconf 89' lang='lat' dir='ltr'><strong>autem</strong></span> <span class='ocrx_word' id='word_1_86' title='bbox 672 2486 968 2565; x_wconf 88' lang='lat' dir='ltr'><strong>animadvertent,</strong></span> <span class='ocrx_word' id='word_1_87' title='bbox 1001 2484 1161 2554; x_wconf 92' lang='lat' dir='ltr'><strong>eumdem</strong></span> <span class='ocrx_word' id='word_1_88' title='bbox 1186 2482 1328 2553; x_wconf 85' lang='lat' dir='ltr'><strong>maximi</strong></span> 
     </span>
     <span class='ocr_line' id='line_1_13' title="bbox 48 2607 1327 2709; baseline -0.007 -26"><span class='ocrx_word' id='word_1_89' title='bbox 48 2611 223 2683; x_wconf 84' lang='lat' dir='ltr'><strong>momenti</strong></span> <span class='ocrx_word' id='word_1_90' title='bbox 252 2633 334 2683; x_wconf 78' lang='lat' dir='ltr'><strong>esse,</strong></span> <span class='ocrx_word' id='word_1_91' title='bbox 353 2610 397 2680; x_wconf 86' lang='lat' dir='ltr'><strong>ad</strong></span> <span class='ocrx_word' id='word_1_92' title='bbox 425 2609 555 2709; x_wconf 89' lang='lat' dir='ltr'><strong>clarius</strong></span> <span class='ocrx_word' id='word_1_93' title='bbox 585 2609 878 2701; x_wconf 84' lang='lat' dir='ltr'><strong>dignoscendum,</strong></span> <span class='ocrx_word' id='word_1_94' title='bbox 905 2620 1056 2696; x_wconf 87' lang='lat' dir='ltr'><strong>quantus</strong></span> <span class='ocrx_word' id='word_1_95' title='bbox 1080 2607 1180 2677; x_wconf 89' lang='lat' dir='ltr'><strong>fuerit</strong></span> <span class='ocrx_word' id='word_1_96' title='bbox 1205 2613 1237 2676; x_wconf 86' lang='lat' dir='ltr'><strong>S.</strong></span> <span class='ocrx_word' id='word_1_97' title='bbox 1265 2613 1327 2675; x_wconf 90' lang='lat' dir='ltr'><strong>Bo-</strong></span> 
     </span>
     <span class='ocr_line' id='line_1_14' title="bbox 47 2731 1326 2823; baseline -0.005 -16"><span class='ocrx_word' id='word_1_98' title='bbox 47 2747 258 2819; x_wconf 86' lang='lat' dir='ltr'><strong>naventura,</strong></span> <span class='ocrx_word' id='word_1_99' title='bbox 284 2747 316 2806; x_wconf 93' lang='lat' dir='ltr'><strong>et</strong></span> <span class='ocrx_word' id='word_1_100' title='bbox 340 2734 461 2823; x_wconf 92' lang='lat' dir='ltr'><strong>quanti</strong></span> <span class='ocrx_word' id='word_1_101' title='bbox 485 2734 624 2805; x_wconf 88' lang='lat' dir='ltr'><strong>babitus</strong></span> <span class='ocrx_word' id='word_1_102' title='bbox 648 2733 843 2815; x_wconf 80' lang='lat' dir='ltr'><strong>a.coaevis;</strong></span> <span class='ocrx_word' id='word_1_103' title='bbox 877 2755 916 2802; x_wconf 89' lang='lat' dir='ltr'><strong>ac</strong></span> <span class='ocrx_word' id='word_1_104' title='bbox 941 2754 1009 2801; x_wconf 92' lang='lat' dir='ltr'><strong>non</strong></span> <span class='ocrx_word' id='word_1_105' title='bbox 1034 2754 1157 2822; x_wconf 88' lang='lat' dir='ltr'><strong>parum</strong></span> <span class='ocrx_word' id='word_1_106' title='bbox 1181 2731 1326 2801; x_wconf 90' lang='lat' dir='ltr'><strong>luminis</strong></span> 
     </span>
     <span class='ocr_line' id='line_1_15' title="bbox 44 2856 768 2955; baseline -0.008 -22"><span class='ocrx_word' id='word_1_107' title='bbox 44 2861 212 2955; x_wconf 87' lang='lat' dir='ltr'><strong>ejusdem</strong></span> <span class='ocrx_word' id='word_1_108' title='bbox 239 2860 344 2951; x_wconf 84' lang='lat' dir='ltr'><strong>gestis</strong></span> <span class='ocrx_word' id='word_1_109' title='bbox 376 2858 593 2928; x_wconf 89' lang='lat' dir='ltr'><strong>illustrandis</strong></span> <span class='ocrx_word' id='word_1_110' title='bbox 624 2856 768 2928; x_wconf 85' lang='lat' dir='ltr'><strong>adferre.</strong></span> 
     </span>
    </p>

    <p class='ocr_par' dir='ltr' id='par_1_5' title="bbox 45 2979 1325 3305">
     <span class='ocr_line' id='line_1_16' title="bbox 142 2979 1321 3073; baseline -0.004 -19"><span class='ocrx_word' id='word_1_111' title='bbox 142 2990 313 3054; x_wconf 85' lang='lat' dir='ltr'><strong>Momenta</strong></span> <span class='ocrx_word' id='word_1_112' title='bbox 336 2983 464 3071; x_wconf 91' lang='lat' dir='ltr'><strong>quibus</strong></span> <span class='ocrx_word' id='word_1_113' title='bbox 487 2982 625 3053; x_wconf 88' lang='lat' dir='ltr'><strong>laudato</strong></span> <span class='ocrx_word' id='word_1_114' title='bbox 648 2982 759 3063; x_wconf 75' lang='lat' dir='ltr'><strong>codici</strong></span> <span class='ocrx_word' id='word_1_115' title='bbox 796 2983 955 3053; x_wconf 89' lang='lat' dir='ltr'><strong>habenda</strong></span> <span class='ocrx_word' id='word_1_116' title='bbox 978 2993 1028 3053; x_wconf 89' lang='lat' dir='ltr'><strong>est</strong></span> <span class='ocrx_word' id='word_1_117' title='bbox 1060 2983 1194 3073; x_wconf 86' lang='lat' dir='ltr'><strong>integra</strong></span> <span class='ocrx_word' id='word_1_118' title='bbox 1224 2979 1321 3061; x_wconf 83' lang='lat' dir='ltr'><strong>fides,</strong></span> 
     </span>
     <span class='ocr_line' id='line_1_17' title="bbox 45 3107 1325 3198; baseline -0.006 -18"><span class='ocrx_word' id='word_1_119' title='bbox 45 3108 257 3191; x_wconf 84' lang='lat' dir='ltr'><strong>summarie,</strong></span> <span class='ocrx_word' id='word_1_120' title='bbox 282 3119 385 3196; x_wconf 90' lang='lat' dir='ltr'><strong>atque</strong></span> <span class='ocrx_word' id='word_1_121' title='bbox 406 3119 446 3178; x_wconf 91' lang='lat' dir='ltr'><strong>ut</strong></span> <span class='ocrx_word' id='word_1_122' title='bbox 464 3108 581 3198; x_wconf 94' lang='lat' dir='ltr'><strong>primo</strong></span> <span class='ocrx_word' id='word_1_123' title='bbox 611 3107 718 3177; x_wconf 90' lang='lat' dir='ltr'><strong>menti</strong></span> <span class='ocrx_word' id='word_1_124' title='bbox 748 3107 945 3188; x_wconf 86' lang='lat' dir='ltr'><strong>obveniunt,</strong></span> <span class='ocrx_word' id='word_1_125' title='bbox 974 3107 1192 3198; x_wconf 87' lang='lat' dir='ltr'><strong>complectar,</strong></span> <span class='ocrx_word' id='word_1_126' title='bbox 1218 3126 1325 3192; x_wconf 87' lang='lat' dir='ltr'><strong>eaque</strong></span> 
     </span>
     <span class='ocr_line' id='line_1_18' title="bbox 46 3244 155 3305; baseline -0.028 0"><span class='ocrx_word' id='word_1_127' title='bbox 46 3244 155 3305; x_wconf 82' lang='lat' dir='ltr'><strong>sunt:</strong></span> 
     </span>
    </p>

    <p class='ocr_par' dir='ltr' id='par_1_6' title="bbox 45 3354 1324 3572">
     <span class='ocr_line' id='line_1_19' title="bbox 189 3354 1324 3447; baseline -0.006 -20"><span class='ocrx_word' id='word_1_128' title='bbox 189 3363 223 3429; x_wconf 88' lang='lat' dir='ltr'><strong>l.</strong></span> <span class='ocrx_word' id='word_1_129' title='bbox 247 3356 528 3427; x_wconf 68' lang='lat' dir='ltr'><strong>circumstantiae</strong></span> <span class='ocrx_word' id='word_1_130' title='bbox 550 3356 727 3447; x_wconf 85' lang='lat' dir='ltr'><strong>temporis,</strong></span> <span class='ocrx_word' id='word_1_131' title='bbox 758 3354 835 3439; x_wconf 89' lang='lat' dir='ltr'><strong>loci,</strong></span> <span class='ocrx_word' id='word_1_132' title='bbox 866 3377 1093 3447; x_wconf 91' lang='lat' dir='ltr'><strong>personarum</strong></span> <span class='ocrx_word' id='word_1_133' title='bbox 1124 3364 1203 3435; x_wconf 80' lang='lat' dir='ltr'><strong>etc,</strong></span> <span class='ocrx_word' id='word_1_134' title='bbox 1238 3374 1324 3439; x_wconf 86' lang='lat' dir='ltr'><strong>quas</strong></span> 
     </span>
     <span class='ocr_line' id='line_1_20' title="bbox 45 3477 1324 3572; baseline -0.005 -21"><span class='ocrx_word' id='word_1_135' title='bbox 45 3481 214 3551; x_wconf 84' lang='lat' dir='ltr'><strong>rubricae</strong></span> <span class='ocrx_word' id='word_1_136' title='bbox 236 3481 455 3552; x_wconf 87' lang='lat' dir='ltr'><strong>sermonibus</strong></span> <span class='ocrx_word' id='word_1_137' title='bbox 473 3481 682 3572; x_wconf 84' lang='lat' dir='ltr'><strong>praemissae</strong></span> <span class='ocrx_word' id='word_1_138' title='bbox 705 3479 871 3562; x_wconf 87' lang='lat' dir='ltr'><strong>indicant,</strong></span> <span class='ocrx_word' id='word_1_139' title='bbox 898 3480 934 3548; x_wconf 95' lang='lat' dir='ltr'><strong>in</strong></span> <span class='ocrx_word' id='word_1_140' title='bbox 959 3479 1086 3567; x_wconf 89' lang='lat' dir='ltr'><strong>quibus</strong></span> <span class='ocrx_word' id='word_1_141' title='bbox 1110 3477 1324 3547; x_wconf 81' lang='lat' dir='ltr'><strong>omniacon-</strong></span> 
     </span>
    </p>

    <p class='ocr_par' dir='ltr' id='par_1_7' title="bbox 10 3602 1321 3803">
     <span class='ocr_line' id='line_1_21' title="bbox 10 3602 1321 3701; baseline -0.006 -25"><span class='ocrx_word' id='word_1_142' title='bbox 10 3690 26 3701; x_wconf 28' lang='grc' dir='ltr'><strong>Ι,</strong></span> <span class='ocrx_word' id='word_1_143' title='bbox 45 3606 179 3689; x_wconf 84' lang='lat' dir='ltr'><strong>venire,</strong></span> <span class='ocrx_word' id='word_1_144' title='bbox 208 3604 365 3693; x_wconf 89' lang='lat' dir='ltr'><strong>nihilque</strong></span> <span class='ocrx_word' id='word_1_145' title='bbox 388 3604 455 3675; x_wconf 89' lang='lat' dir='ltr'><strong>sibi</strong></span> <span class='ocrx_word' id='word_1_146' title='bbox 478 3604 663 3686; x_wconf 86' lang='lat' dir='ltr'><strong>adversari,</strong></span> <span class='ocrx_word' id='word_1_147' title='bbox 690 3603 878 3691; x_wconf 89' lang='lat' dir='ltr'><strong>quominus</strong></span> <span class='ocrx_word' id='word_1_148' title='bbox 894 3602 974 3672; x_wconf 91' lang='lat' dir='ltr'><strong>illae</strong></span> <span class='ocrx_word' id='word_1_149' title='bbox 993 3603 1097 3673; x_wconf 85' lang='lat' dir='ltr'><strong>fidem</strong></span> <span class='ocrx_word' id='word_1_150' title='bbox 1114 3612 1321 3683; x_wconf 86' lang='lat' dir='ltr'><strong>mereantur,</strong></span> 
     </span>
     <span class='ocr_line' id='line_1_22' title="bbox 42 3722 1164 3803; baseline -0.008 0"><span class='ocrx_word' id='word_1_151' title='bbox 42 3722 294 3803; x_wconf 83' lang='lat' dir='ltr'><strong>animadverti.</strong></span> <span class='ocrx_word' id='word_1_152' title='bbox 1161 3798 1164 3803; x_wconf 73' lang='grc'>,</span> 
     </span>
    </p>

    <p class='ocr_par' dir='ltr' id='par_1_8' title="bbox 41 3852 1325 4192">
     <span class='ocr_line' id='line_1_23' title="bbox 186 3852 1324 3936; baseline -0.007 -10"><span class='ocrx_word' id='word_1_153' title='bbox 186 3860 220 3926; x_wconf 72' lang='grc'><strong>2.</strong></span> <span class='ocrx_word' id='word_1_154' title='bbox 247 3854 356 3926; x_wconf 80' lang='lat' dir='ltr'><strong>Codex</strong></span> <span class='ocrx_word' id='word_1_155' title='bbox 378 3865 429 3925; x_wconf 89' lang='lat' dir='ltr'><strong>est</strong></span> <span class='ocrx_word' id='word_1_156' title='bbox 451 3854 692 3936; x_wconf 89' lang='lat' dir='ltr'><strong>collectaneus,</strong></span> <span class='ocrx_word' id='word_1_157' title='bbox 726 3853 814 3924; x_wconf 90' lang='lat' dir='ltr'><strong>idest</strong></span> <span class='ocrx_word' id='word_1_158' title='bbox 842 3852 1016 3922; x_wconf 87' lang='lat' dir='ltr'><strong>variorum</strong></span> <span class='ocrx_word' id='word_1_159' title='bbox 1049 3862 1228 3921; x_wconf 87' lang='lat' dir='ltr'><strong>auctorum</strong></span> <span class='ocrx_word' id='word_1_160' title='bbox 1254 3871 1324 3919; x_wconf 87' lang='lat' dir='ltr'><strong>ser-</strong></span> 
     </span>
     <span class='ocr_line' id='line_1_24' title="bbox 44 3974 1325 4066; baseline -0.003 -17"><span class='ocrx_word' id='word_1_161' title='bbox 44 4000 172 4051; x_wconf 87' lang='lat' dir='ltr'><strong>mones</strong></span> <span class='ocrx_word' id='word_1_162' title='bbox 195 3978 388 4061; x_wconf 77' lang='lat' dir='ltr'><strong>continenS,</strong></span> <span class='ocrx_word' id='word_1_163' title='bbox 405 3978 466 4066; x_wconf 92' lang='lat' dir='ltr'><strong>qui</strong></span> <span class='ocrx_word' id='word_1_164' title='bbox 490 3977 631 4065; x_wconf 90' lang='lat' dir='ltr'><strong>quidem</strong></span> <span class='ocrx_word' id='word_1_165' title='bbox 655 3989 809 4047; x_wconf 89' lang='lat' dir='ltr'><strong>auctores</strong></span> <span class='ocrx_word' id='word_1_166' title='bbox 833 3982 1089 4047; x_wconf 89' lang='lat' dir='ltr'><strong>Bonavcnturae</strong></span> <span class='ocrx_word' id='word_1_167' title='bbox 1111 3974 1227 4045; x_wconf 89' lang='lat' dir='ltr'><strong>coaevi</strong></span> <span class='ocrx_word' id='word_1_168' title='bbox 1242 3986 1325 4045; x_wconf 93' lang='lat' dir='ltr'><strong>sunt</strong></span> 
     </span>
     <span class='ocr_line' id='line_1_25' title="bbox 41 4101 657 4192; baseline -0.005 -19"><span class='ocrx_word' id='word_1_169' title='bbox 41 4124 185 4186; x_wconf 86' lang='lat' dir='ltr'><strong>omnes,</strong></span> <span class='ocrx_word' id='word_1_170' title='bbox 211 4111 244 4172; x_wconf 88' lang='lat' dir='ltr'><strong>et</strong></span> <span class='ocrx_word' id='word_1_171' title='bbox 267 4101 398 4192; x_wconf 84' lang='lat' dir='ltr'><strong>singuli</strong></span> <span class='ocrx_word' id='word_1_172' title='bbox 422 4101 657 4171; x_wconf 90' lang='lat' dir='ltr'><strong>nominantur.</strong></span> 
     </span>
    </p>

    <p class='ocr_par' dir='ltr' id='par_1_9' title="bbox 48 4225 1325 4442">
     <span class='ocr_line' id='line_1_26' title="bbox 185 4225 1325 4314; baseline -0.002 -17"><span class='ocrx_word' id='word_1_173' title='bbox 185 4231 218 4299; x_wconf 79' lang='lat'><strong>3.</strong></span> <span class='ocrx_word' id='word_1_174' title='bbox 256 4226 485 4299; x_wconf 88' lang='lat' dir='ltr'><strong>Rubricarum</strong></span> <span class='ocrx_word' id='word_1_175' title='bbox 522 4225 636 4309; x_wconf 87' lang='lat' dir='ltr'><strong>tituli,</strong></span> <span class='ocrx_word' id='word_1_176' title='bbox 678 4226 739 4314; x_wconf 90' lang='lat' dir='ltr'><strong>qui</strong></span> <span class='ocrx_word' id='word_1_177' title='bbox 776 4225 860 4296; x_wconf 83' lang='lat' dir='ltr'><strong>forte</strong></span> <span class='ocrx_word' id='word_1_178' title='bbox 904 4250 924 4296; x_wconf 94' lang='lat' dir='ltr'><strong>a</strong></span> <span class='ocrx_word' id='word_1_179' title='bbox 965 4247 1071 4295; x_wconf 84' lang='lat' dir='ltr'><strong>nranu</strong></span> <span class='ocrx_word' id='word_1_180' title='bbox 1108 4225 1237 4296; x_wconf 90' lang='lat' dir='ltr'><strong>saeculi</strong></span> <span class='ocrx_word' id='word_1_181' title='bbox 1273 4249 1325 4297; x_wconf 82' lang='lat' dir='ltr'><strong>rm</strong></span> 
     </span>
     <span class='ocr_line' id='line_1_27' title="bbox 48 4349 1325 4442; baseline -0.002 -19"><span class='ocrx_word' id='word_1_182' title='bbox 48 4350 212 4431; x_wconf 86' lang='lat' dir='ltr'><strong>incuntis</strong></span> <span class='ocrx_word' id='word_1_183' title='bbox 235 4351 363 4421; x_wconf 81' lang='lat' dir='ltr'><strong>exarati</strong></span> <span class='ocrx_word' id='word_1_184' title='bbox 386 4362 478 4434; x_wconf 93' lang='lat' dir='ltr'><strong>sunt,</strong></span> <span class='ocrx_word' id='word_1_185' title='bbox 504 4350 708 4442; x_wconf 84' lang='lat' dir='ltr'><strong>praescripti</strong></span> <span class='ocrx_word' id='word_1_186' title='bbox 739 4349 874 4420; x_wconf 88' lang='lat' dir='ltr'><strong>fuerant</strong></span> <span class='ocrx_word' id='word_1_187' title='bbox 898 4349 1008 4442; x_wconf 84' lang='lat' dir='ltr'><strong>nigris</strong></span> <span class='ocrx_word' id='word_1_188' title='bbox 1042 4361 1074 4421; x_wconf 89' lang='lat' dir='ltr'><strong>et</strong></span> <span class='ocrx_word' id='word_1_189' title='bbox 1106 4350 1261 4421; x_wconf 91' lang='lat' dir='ltr'><strong>minimis</strong></span> <span class='ocrx_word' id='word_1_190' title='bbox 1285 4350 1325 4420; x_wconf 94' lang='lat' dir='ltr'><strong>li-</strong></span> 
     </span>
    </p>
   </div>
   <div class='ocr_carea' id='block_1_5' title="bbox 0 0 1516 4844">
    <p class='ocr_par' dir='ltr' id='par_1_10' title="bbox 0 0 1516 4844">
     <span class='ocr_line' id='line_1_28' title="bbox 0 0 1516 4844; baseline 0 1"><span class='ocrx_word' id='word_1_191' title='bbox 0 0 1516 4844; x_wconf 95' lang='lat' dir='ltr'><strong> </strong></span> 
     </span>
    </p>
   </div>
  </div>
 </body>
</html>
