3022 4844
1157 196 1174 225 Ο

617 230 816 296 -ns-

59 368 190 437 delicet
214 367 256 436 de
284 367 367 436 douo
394 369 594 456 sapientiae,
623 379 774 457 tempore
801 370 967 458 paschali,
997 370 1072 460 ipso
1097 371 1152 440 die
1174 371 1259 441 sesto
1285 377 1351 441 Re-

61 490 293 562 surrectionis
309 489 515 559 dominicae.
544 490 702 561 Secundo
726 493 974 575 animadverto,
1003 495 1222 565 sermonibus
1239 495 1281 563 de
1300 517 1351 565 se-

60 624 162 707 ptem
178 613 280 683 donis
305 613 453 703 Spiritus
470 614 585 683 Sancti
608 613 694 684 alios
716 616 935 704 praemisisse
956 628 989 685 et
1010 618 1231 687 intercalasse
1254 623 1351 688 Sera-

62 738 213 829 phicum
237 742 425 817 Doctorem,
455 750 557 828 prout
581 738 778 809 festivitates
804 762 843 808 eo
868 751 1019 831 tempore
1044 754 1265 812 occurrentes
1291 765 1351 832 po·

64 862 257 931 stulabant.
285 860 406 941 Tertio,
426 861 650 931 verisimilius
674 875 706 931 et
731 885 909 933 sermones
932 865 1128 934 dominicae
1152 866 1283 955 primae
1315 867 1349 934 in

63 984 354 1074 Quadragesima
373 1005 413 1052 ac
430 983 554 1054 diebus
579 986 798 1054 Ascensionis
823 987 958 1056 Domini
983 999 1016 1056 et
1042 988 1295 1077 Assumptionis
1315 994 1350 1056 B.

65 1114 110 1177 Μ.
138 1114 191 1189 V„
212 1108 334 1177 eodem
351 1129 444 1177 anno
460 1107 595 1178 habitos
619 1108 737 1178 fuisse.
759 1116 896 1191 Quarto,
917 1110 1070 1179 codicem
1089 1111 1271 1200 hoglicum
1288 1111 1349 1197 qui

10 1302 20 1321 ,-
67 1230 132 1301 hos
149 1231 253 1301 refert
267 1252 454 1312 sermones,
474 1235 507 1300 S.
523 1237 761 1301 bonaventura
776 1233 891 1302 adhuc
905 1233 1049 1313 vivente,
1068 1233 1117 1301 vel
1137 1256 1266 1323 paucos
1277 1245 1354 1323 post

10 1342 19 1353 ⁵
66 1376 178 1424 annos
196 1354 240 1423 ab
263 1355 340 1444 ejus
363 1354 470 1435 obitu,
491 1355 535 1423 ab
559 1354 664 1424 unica
678 1378 786 1424 manu
802 1368 980 1424 exaratum
999 1356 1115 1426 fuisse.
1139 1356 1276 1437 Quinto
1297 1361 1352 1425 Se

70 1478 257 1569 saphicum
272 1481 461 1557 Doctorem,
490 1476 727 1546 indifferenter
743 1484 1016 1548 Bonaventuram
1037 1492 1069 1546 et
1084 1477 1350 1548 Bonasortunam

10 1644 20 1653 -
66 1600 207 1671 saeculo
237 1623 293 1669 xm
317 1599 504 1670 audivisse.
534 1606 632 1670 Sexto
660 1601 813 1670 codicem
845 1600 1025 1691 Anglicum
1060 1602 1195 1670 mendis
1221 1613 1354 1670 scatere

10 1722 27 1821 ξ
64 1722 351 1813 quamplurimis;
377 1734 410 1792 et
439 1724 609 1793 sermonis
639 1723 681 1792 de
707 1724 944 1813 assumptione
974 1729 1009 1791 Β.
1045 1730 1087 1792 Μ.
1120 1730 1170 1801 V„
1207 1746 1352 1810 sequen-

10 1827 21 1941 :
65 1849 161 1921 tibus
186 1846 392 1917 divisionem
425 1846 590 1936 proferri:
624 1870 642 1913 «
675 1852 713 1915 Et
745 1847 954 1916 describitur
978 1847 1078 1916 nobis
1103 1847 1159 1915 hic
1189 1846 1254 1915 sub
1279 1870 1351 1916 me-

10 1986 19 2073 }
63 1996 82 2040 a
110 1971 262 2063 taphora
289 1969 405 2051 sontis,
438 1971 570 2040 ratione
594 1972 724 2060 gratiae
755 1982 914 2060 acceptae
946 1971 982 2038 in
1016 1993 1079 2038 sua
1104 1970 1253 2060 origine;
1285 1972 1351 2039 sub

62 2120 81 2163 a
110 2096 319 2185 metaphora
348 2094 456 2176 fluvii,
485 2095 615 2164 ratione
631 2094 761 2185 gratiae
778 2093 1021 2184 superadditae
1046 2093 1079 2161 in
1106 2093 1169 2160 filii
1195 2094 1250 2161 Dei
1269 2115 1351 2162 cou-

56 2244 77 2287 «
106 2218 288 2310 ceptione;
324 2217 389 2287 sub
420 2218 619 2308 metaphora
655 2217 737 2286 solis
761 2231 793 2286 et
817 2218 917 2297 lucis,
945 2217 1076 2286 ratione
1109 2217 1239 2307 gratiae
1270 2239 1352 2286 con·

52 2370 73 2412 «
105 2352 308 2413 summatae
332 2342 368 2409 in
391 2342 468 2432 ejus
493 2341 754 2432 glorificatione.
792 2342 947 2410 Primum
973 2353 1111 2411 notatur
1134 2362 1214 2411 cum
1245 2341 1370 2410 dicit&

50 2492 71 2535 «
102 2470 187 2556 sorra
210 2487 354 2557 parcns.
382 2464 582 2534 Secundum
608 2476 746 2534 notatur
769 2487 848 2533 cum
875 2464 978 2532 dicit:
1007 2467 1111 2533 creuit
1142 2467 1176 2531 in
1206 2464 1349 2553 (turritam

47 2616 70 2659 «
102 2611 287 2679 acapnum.
314 2587 465 2657 Tertium
489 2598 628 2657 notatur
655 2610 736 2657 cum
768 2588 871 2657 dicit:
912 2600 943 2655 ot
975 2590 1008 2655 tn
1043 2592 1145 2656 sotem
1178 2589 1351 2675 laceroque

46 2739 70 2781 «
103 2734 289 2783 coercemus
318 2722 377 2781 est.
406 2734 424 2777 r
449 2712 551 2781 Doleo
579 2712 673 2780 hunc
707 2733 899 2780 sermonem
925 2710 1088 2780 mutilum
1121 2732 1194 2778 esse
1229 2710 1263 2776 in
1294 2730 1350 2777 co-

46 2838 138 2909 dice
173 2834 372 2925 huglicano,
404 2857 443 2903 ac
475 2834 630 2904 nondum
659 2833 870 2924 completum
895 2836 930 2901 in
956 2834 1034 2901 aliis
1061 2855 1142 2901 mss.
1172 2830 1351 2900 corticibus

47 2982 118 3031 me
147 2957 301 3047 reperire
328 2957 492 3046 potuisse.
527 2957 587 3025 Vix
616 2958 709 3026 enim
736 2957 849 3047 prima
872 2979 964 3046 pars,
1002 2978 1042 3024 ex
1076 2956 1186 3024 tribus
1222 2953 1351 3040 quibus

46 3086 185 3155 thema
210 3080 469 3171 explanandum
493 3092 576 3161 erat,
605 3080 640 3149 in
664 3103 703 3149 eo
728 3080 884 3149 habetur.
923 3085 1023 3149 Docet
1047 3091 1163 3146 autem
1190 3075 1351 3165 Seraphi-

45 3225 124 3275 cus
151 3201 190 3268 in
220 3199 285 3269 hac
309 3199 421 3289 prima
447 3211 553 3290 parte,
581 3200 750 3268 rationem
773 3199 878 3269 sontis
893 3209 1086 3288 competere
1113 3202 1190 3276 Deo,
1219 3196 1350 3265 Christo

46 3340 89 3399 et
115 3330 156 3395 Β.
186 3328 230 3393 Μ.
256 3323 410 3414 Virgini:
436 3324 527 3392 hanc
552 3345 629 3392 vero
655 3324 851 3413 comparari
866 3322 952 3391 sonti
968 3343 1083 3412 parvo,
1113 3320 1198 3389 fonti
1222 3318 1348 3400 vivido,

47 3448 150 3521 fonti
181 3447 330 3537 signato,
358 3445 442 3516 fonti
466 3444 639 3536 largifluo.
668 3451 798 3516 Horum
826 3467 890 3535 ope
915 3446 944 3513 si
969 3444 1047 3530 quis
1083 3444 1256 3533 integrum
1282 3464 1352 3511 ser-

49 3591 205 3643 monem
230 3568 410 3650 invenerit,
436 3581 469 3639 et
492 3569 579 3637 mihi
602 3569 824 3651 indicaverit,
858 3570 900 3637 de
924 3591 1011 3638 nova
1035 3568 1186 3636 editione
1224 3567 1352 3656 optime

51 3692 231 3765 meritum
255 3691 490 3782 proclamabo.

153 3817 217 3885 His
240 3815 437 3896 adnotatiS,
464 3816 612 3905 pretium
638 3817 753 3906 operis
784 3838 859 3885 esse
890 3817 1000 3895 duco,
1037 3816 1211 3906 specimen
1238 3838 1350 3885 unum

49 3940 227 4013 exhibere
250 3938 463 4010 differentiae
492 3961 581 4026 quae
614 3952 665 4009 est
698 3941 786 4009 inter
818 3940 927 4008 editos
966 3961 1141 4009 sermones
1174 3940 1216 4007 de
1247 3940 1351 4008 Donis

55 4062 219 4157 Spiritus
259 4062 368 4155 sancti
405 4074 439 4131 et
474 4062 628 4133 codicem
668 4062 864 4144 Gallicum,
905 4085 1009 4149 quem
1044 4084 1130 4152 pene
1158 4061 1291 4152 integre
1320 4074 1353 4132 et

49 4200 150 4259 recte
173 4185 360 4279 descripsit
384 4186 499 4257 socius
523 4209 622 4257 meus
650 4196 748 4277 pater
779 4187 955 4276 Eugenius
986 4208 1005 4254 a
1033 4185 1192 4254 venetiis.
1221 4190 1353 4255 Damus

53 4332 142 4381 vero
168 4308 304 4380 codicis
326 4308 508 4383 lectionem
536 4310 644 4380 nullis
669 4330 755 4400 pene
780 4309 917 4378 mendis
941 4319 1179 4399 expurgatam.

1199 4414 1240 4486 13
