3022 4844
71 110 230 192 ationis,
258 109 416 200 signatus
440 113 502 177 Ill.
529 112 565 177 A.
593 114 635 191 6,
669 109 862 178 membran.
890 109 926 175 in
951 113 997 189 4⁰,
1025 106 1135 176 lolior.
1173 110 1247 187 too,
1275 105 1368 174 binis

71 234 259 303 columnis
284 232 421 302 saeculo
435 256 493 301 xm
517 231 659 302 ineunte
683 244 854 302 exaratus
875 231 966 300 Folio
990 232 1103 321 primo
1128 241 1230 311 recto,
1248 229 1313 298 col.
1333 236 1364 310 4,

73 356 110 425 in
139 357 319 448 superiori
357 355 538 447 margine,
565 357 673 426 literis
709 356 894 427 coloratis:
936 357 1108 446 Incipiunt
1142 355 1370 423 distinctiones

70 482 241 571 llayistri
261 481 439 549 llicbue'lis
453 481 631 550 lleldensis
653 504 755 571 super
777 482 995 551 Psultcrium.
1022 477 1190 547 Praelatio
1222 477 1365 566 incipit:

72 606 242 696 Quisquis
257 605 304 673 ud
326 605 462 673 diuinae
480 606 633 695 puqinue
659 608 832 674 lectionem
859 604 1062 674 crudiendus
1088 603 1228 671 accedit.
1261 601 1368 669 Primi

70 727 212 799 Psalmi
234 728 426 817 expositio:
451 737 577 801 Beatus
596 731 651 799 vir
672 732 735 821 qui
755 753 820 799 non
844 730 939 798 obiit.
965 733 1071 796 Homo
1095 726 1228 817 quondo
1253 726 1368 815 contii-

70 854 208 923 tiouem
230 875 330 923 suam
358 855 404 923 ud
433 866 568 925 tenena
593 853 709 943 flectit,
739 856 905 945 uputriu
932 853 1140 921 inexilium
1169 851 1273 918 vadit.
1301 828 1366 918 De-

69 975 164 1046 sinit
186 975 248 1047 sol.
275 982 369 1062 4044,
386 978 451 1048 col.
478 960 499 1049 2
523 978 616 1047 circa
638 977 762 1047 finem:
794 980 873 1068 fiilis
896 979 1009 1047 niuniu
1033 977 1224 1056 coitcludit,
1252 976 1365 1043 omniu

70 1104 180 1183 locut,
213 1104 327 1172 omniu
347 1105 490 1193 perlicit.
521 1106 604 1173 Solu
627 1104 715 1171 enim
744 1103 998 1193 perseverantia
1035 1102 1158 1191 0004044
1193 1101 1359 1169 bravium.

69 1224 175 1307 Dein,
210 1225 324 1315 primo
350 1226 521 1297 viridibus
545 1248 585 1295 ac
613 1237 732 1317 postea
755 1225 871 1295 rubris
896 1225 1014 1307 literis,
1051 1227 1136 1296 haee
1160 1224 1357 1295 habentur:

329 1419 432 1473 Doctor
454 1419 606 1473 Meldensis
624 1418 748 1473 Michabl
771 1386 889 1473 rraesut
908 1419 1089 1487 senonensis,

330 1542 384 1597 Hic
400 1545 471 1598 bene
490 1544 667 1598 Psalmorum
685 1543 817 1614 polixena
835 1546 919 1598 verba
938 1545 1052 1598 locavit.

167 1723 201 1787 3.
228 1717 370 1787 Parisiis
407 1718 443 1786 in
480 1716 710 1799 bibliotheca,
751 1739 839 1805 quae
878 1717 980 1786 modo
1018 1717 1233 1800 Nationalis,
1275 1718 1359 1788 olim

68 1842 186 1934 Regia
218 1842 403 1923 audiebat,
430 1864 515 1910 mss.
542 1842 618 1911 cod.
646 1840 743 1910 latin.
781 1840 994 1911 collectionis
1025 1842 1140 1933 regiae
1162 1848 1248 1925 446,
1275 1844 1360 1913 olim

68 1964 294 2037 Colbertinus
326 1970 417 2047 446,
444 1965 701 2047 membranae,
728 1965 764 2032 in
794 1970 841 2046 lt,
879 1965 1008 2034 saeculi
1032 1990 1090 2034 xm
1114 1967 1267 2036 ineuntis
1291 1969 1357 2036 mi-

65 2089 259 2161 scellanea.
288 2089 357 2159 Fol.
385 2096 446 2171 84,
473 2100 586 2170 recto,
621 2088 685 2158 col.
714 2095 758 2170 4,
794 2090 830 2156 in
868 2089 985 2159 initio:
1013 2093 1170 2181 Quisquis
1200 2092 1246 2160 004
1269 2093 1356 2161 (4404-

63 2238 137 2285 nuo
162 2216 318 2305 poninus
351 2215 535 2283 lectionem.
562 2212 720 2282 Psalmns
744 2212 899 2302 primus:
940 2219 1064 2284 Beatus
1103 2218 1158 2283 vii·
1200 2219 1262 2306 qui
1291 2240 1356 2286 non

59 2340 169 2409 abiit.
187 2342 294 2407 Homo
319 2339 454 2428 quontlo
479 2339 711 2427 couitutt‘onun
738 2361 836 2405 sittim
861 2339 906 2407 ml
925 2349 1059 2407 terrena
1081 2339 1197 2427 flectit.
1225 2341 1355 2409 Desinit

61 2461 129 2532 sol.
161 2467 227 2532 t32
248 2483 357 2543 verso,
390 2461 633 2549 sequentibus:
660 2464 738 2551 finis
764 2464 878 2530 onniin
902 2463 1091 2544 concludit,
1114 2465 1227 2532 oniniu
1252 2467 1351 2544 locat,

58 2587 193 2657 omnia'
209 2568 353 2676 perficit.
385 2588 467 2657 Solu
495 2587 583 2654 enim
602 2588 859 2676 perseverantia
887 2589 1010 2676 occipit
1040 2588 1208 2655 bracium.
1240 2588 1350 2668 Dein,

60 2720 151 2803 post
175 2709 329 2800 spatium
352 2730 503 2778 vacuum
532 2709 640 2778 unius
664 2708 786 2791 lineae,
816 2709 860 2777 ab
884 2710 1003 2778 eadem
1026 2731 1153 2778 manu:
1181 2713 1276 2780 Finis
1305 2713 1356 2781 444-
1384 2712 1386 2716 ’

57 2835 290 2905 stinctionum
312 2844 390 2924 post
417 2834 618 2902 Mettenscm
646 2837 878 2903 collectorem.
908 2838 1025 2902 Amen.

161 2961 195 3025 4.
223 2956 376 3038 Ibidem,
403 2978 488 3026 mss.
514 2956 611 3024 latin.
639 2961 767 3038 attat,
794 2955 878 3025 olim
902 2957 1107 3039 Victorinus
1135 2956 1272 3026 saeculo
1296 2981 1355 3029 xm

55 3085 214 3153 ineunte
236 3081 288 3149 vel
312 3080 449 3150 circiter
470 3092 659 3163 exaratus,
695 3080 806 3163 folior.
844 3088 907 3150 480
939 3082 1171 3151 miscellanea.
1208 3081 1276 3151 Fol.
1310 3089 1353 3153 49

54 3217 174 3286 recte,
203 3203 269 3274 col.
298 3210 338 3273 l:
365 3205 522 3295 Quisquis
546 3206 591 3274 ud
618 3207 754 3289 diuinae
773 3209 926 3297 ,0094000
952 3209 1136 3276 lectionem.
1161 3207 1347 3278 Psalmus:

56 3333 195 3399 Beatus
217 3328 284 3394 vir.
318 3330 425 3394 Homo
453 3327 587 3416 quondo
616 3328 852 3416 cogitationem
881 3350 980 3397 snam
1009 3328 1054 3396 acl
1078 3339 1211 3397 terrena
1233 3329 1350 3418 flectit.

57 3449 202 3520 Desinit
225 3448 284 3519 iol.
311 3454 354 3519 98
378 3460 490 3531 recto,
517 3448 583 3519 col.
620 3455 641 3519 2
671 3450 708 3518 in
742 3451 877 3520 medio:
912 3453 990 3541 finis
1023 3454 1137 3521 omniu
1169 3454 1348 3534 concludit,

56 3575 185 3645 omnia
222 3575 329 3655 locut,
369 3575 484 3642 omniu
518 3576 665 3665 perficit.
698 3576 779 3645 Solu
815 3577 904 3644 enim
932 3578 1190 3666 perseuerantia
1227 3578 1352 3666 occipit

57 3694 237 3763 bravium.
265 3691 371 3774 Dein,
401 3692 619 3781 eodemque
648 3694 781 3781 reliquo
810 3695 924 3784 operis
956 3695 1169 3775 charactere,
1198 3694 1350 3785 legitur:

59 3812 165 3886 Finis‘
190 3815 442 3913 distinctionum
464 3827 543 3907 post
569 3819 769 3887 Melitensem
793 3820 1023 3887 collecturum.

157 3944 190 4007 5.
218 3938 363 4021 Ibidem,
381 3940 458 4010 cod.
475 3939 573 4011 latin.
600 3941 643 4011 ad
669 3920 810 4033 Regiam
837 3953 996 4032 spectans
1021 3942 1260 4012 collectionem
1284 3943 1350 4011 sub

60 4082 214 4133 numero
236 4068 315 4146 444,
341 4062 425 4133 olim
449 4069 515 4134 4444.
541 4064 584 4135 de
608 4067 779 4150 Bethune,
807 4067 968 4148 membr,
994 4067 1032 4135 in
1055 4073 1103 4149 4⁰,
1130 4066 1241 4136 folior.
1270 4072 1348 4140 448.
