3022 4844
555 252 756 319 -455-

96 409 165 454 nus.
204 385 303 454 Unde
326 387 394 474 (1):
426 388 588 477 Respexit
610 390 771 456 Dominus
802 389 845 454 ad
877 386 965 454 Abel
996 394 1032 455 et
1070 410 1170 476 opera
1201 388 1294 478 ujus;
1429 408 1441 483 Ι·

96 505 162 579 lain
182 519 304 579 autem
333 515 501 602 respexit,
526 520 562 581 et
585 537 650 580 uon
686 514 728 579 ad
756 534 895 579 munera
924 513 1011 599 ejus.
1042 512 1093 580 Ex
1116 514 1203 580 bona
1236 515 1299 583 vir·

109 637 260 725 procedit
277 637 364 705 boue
396 639 556 726 operatio,
587 645 622 704 et
651 660 692 703 ex
718 637 846 706 virtute
874 635 1021 702 mirabili
1046 636 1197 724 procedit
1219 660 1297 727 ops·
1392 630 1453 659 “”

96 790 99 821 ·
141 760 308 827 mirabilis
340 766 377 828 et
407 760 611 849 prodigiosa.
647 762 774 826 Beatus
805 759 996 847 Stephanus
1030 760 1294 847 commendatur,

116 884 197 951 fecit
228 884 328 972 signa
351 890 387 952 et
419 885 585 972 prodigia,
608 885 687 973 quia
711 883 875 950 mirabilis
896 883 966 950 fuit
987 883 1023 949 in
1047 905 1083 949 se
1107 891 1141 951 et
1163 885 1199 950 in
1219 908 1295 951 san·

97 1016 131 1075 te
160 1031 233 1076 sua.
270 1010 327 1076 Ad
357 1010 418 1077 hoc
442 1017 554 1076 autem
578 1010 666 1099 quod
697 1012 794 1076 homo
817 1009 863 1076 sit
896 1008 1021 1095 dignus
1058 980 1293 1095 admiratione,

96 1140 143 1201 tet
166 1134 254 1222 quod
280 1134 326 1201 sit
347 1134 451 1201 mirac
475 1135 627 1219 virtutis,
655 1134 758 1201 mirae
784 1133 952 1217 veritatis,
979 1133 1084 1199 mirae
1102 1133 1296 1201 sanctitatis

96 1258 151 1324 riri
175 1259 314 1343 umoris;
347 1259 405 1326 sed
427 1258 496 1326 ista
529 1241 670 1326 fuerunt
699 1258 734 1323 iu
769 1259 866 1325 beato
896 1258 1086 1345 Stephano;
1117 1281 1197 1345 ergo
1228 1259 1296 1326 fuit

96 1405 136 1448 us
160 1382 394 1469 admiratione,
426 1385 513 1472 quod
536 1384 680 1470 probant
709 1384 809 1470 opera
839 1405 917 1468 sua;
939 1383 1018 1471 quia
1041 1383 1172 1472 quando
1196 1405 1296 1470 opera

96 1507 195 1572 edunt
217 1508 399 1575 secundum
429 1508 516 1596 quod
550 1507 683 1592 debent,
709 1513 790 1574 tunc
821 1529 937 1574 verum
961 1507 1189 1574 testimouium
1213 1506 1297 1575 dant

96 1630 231 1698 somine.

98 1754 212 1820 Primo
235 1754 319 1840 dico,
347 1755 465 1822 beatus
484 1755 676 1843 Stephanus
698 1755 766 1822 fuit
797 1755 902 1822 mirac
932 1755 1082 1824 virtutis.
1109 1755 1182 1822 'Sed
1215 1755 1295 1843 quid
1334 1811 1337 1817 .

96 1900 169 1943 esse
202 1879 308 1945 mirae
341 1879 502 1946 virtutis?
532 1887 620 1947 certe
655 1880 786 1969 quaudo
812 1885 864 1945 est
891 1879 1089 1946 'sublimitas
1111 1879 1234 1966 operis,
1260 1885 1296 1946 et

95 2000 189 2068 ilitas
222 2001 343 2088 cordis,
368 2002 505 2070 honest
528 2004 660 2092 quando
693 2004 791 2069 homo
828 2003 944 2088 sentit,
982 2003 1069 2090 quod
1105 2003 1144 2069 de
1167 2025 1203 2069 se
1226 2025 1293 2070 non

118 2146 265 2213 eaquae
288 2126 379 2213 fecit,
406 2127 464 2193 sed
493 2150 553 2215 per
586 2128 750 2195 virtutem
785 2127 948 2195 divinitus
981 2133 1161 2215 acceptam.
1197 2123 1295 2194 Unde

96 2249 185 2315 ioan.
228 2248 312 2316 dicit
343 2250 505 2316 Dominus
537 2253 603 2336 (2):
630 2251 698 2333 Qui
742 2251 849 2317 credit
882 2251 918 2316 in
959 2273 1035 2337 me,
1073 2273 1174 2339 opera
1210 2274 1294 2340 quae

111 2372 209 2453 faeie,
246 2373 359 2453 faciet,
397 2381 431 2440 et
464 2375 593 2463 majora
627 2376 745 2443 horum
779 2375 891 2460 faciet,
926 2375 1005 2462 quia
1041 2375 1128 2441 vado
1166 2375 1208 2442 ad
1242 2397 1296 2463 pa·

96 2522 101 2561 i
132 2503 195 2564 etc.
230 2499 370 2586 Oportet
405 2498 514 2586 igitur
548 2499 745 2586 humiliari,
785 2501 864 2587 quia
906 2499 935 2564 si
972 2499 1059 2567 forta
1086 2502 1135 2585 (3)
1180 2522 1295 2587 super·

96 2625 127 2685 nt
144 2620 305 2708 homines,
331 2628 366 2688 et
384 2621 543 2709 dicerent,
577 2645 694 2689 manus
717 2630 832 2689 nostra
855 2622 936 2688 haec
961 2623 1081 2709 (fecit),
1113 2644 1179 2687 nou
1211 2622 1295 2688 face·

120 2766 204 2833 quae
238 2746 400 2813 fecerunt.
441 2747 488 2814 Et
520 2754 655 2834 propter
679 2748 740 2814 hoc
763 2747 846 2814 dicit
871 2747 1108 2833 Augustinus:
1140 2744 1296 2813 Miranda

96 2889 106 2931 i
134 2891 209 2935 cum
247 2869 392 2935 elatione
425 2892 491 2936 non
529 2871 667 2955 elevat,
713 2871 772 2937 sed
819 2878 958 2957 gravat,
993 2876 1028 2937 ct
1057 2870 1219 2937 Dominus
1257 2869 1295 2935 iu

96 2993 196 3076 a(4):
242 2992 326 3060 Cum
345 2994 464 3060 ‘omnia
491 2994 572 3060 bene
606 2995 773 3079 feceritis,
808 2994 929 3079 dicite,
965 2992 1055 3061 servi
1077 2991 1216 3059 inutiles
1239 3013 1293 3058 su·

102 3136 109 3196 ;
148 3117 222 3184 vult
256 3118 344 3204 quod
377 3124 487 3185 totum
520 3118 661 3186 Domino
694 3118 942 3202 attribuamus,
986 3123 1021 3184 et
1056 3116 1145 3183 nihil
1183 3116 1289 3183 nobis.

96 3261 114 3302 e
132 3247 200 3306 tres
222 3241 319 3328 pueri
344 3242 381 3308 in
404 3245 531 3309 camino
563 3244 654 3330 ignis
681 3243 964 3329 magnificentiam
991 3248 1027 3309 et
1057 3241 1200 3327 gloriam
1223 3241 1292 3307 Deo

96 3358 244 3431 ibuebaut
274 3371 309 3431 et
332 3388 367 3431 se
400 3365 630 3453 deprimebant
655 3368 715 3452 (5).
748 3366 843 3432 Talis
865 3366 967 3433 ctiam
990 3365 1058 3433 fuit
1081 3365 1199 3432 beatus
1222 3363 1294 3432 Ste-

96 3503 154 3572 nus,
174 3490 256 3577 quia
276 3489 346 3555 fuit
368 3511 565 3576 magnarum
588 3491 818 3578 operationum
842 3498 875 3556 et
897 3491 993 3578 parvi
1019 3511 1147 3576 sensus,
1173 3496 1208 3556 et
1231 3490 1292 3555 hoc

96 3611 115 3671 it
142 3611 222 3679 fides
257 3611 454 3680 christiana.
492 3614 687 3702 Philosophi
724 3636 800 3682 cum
833 3635 957 3701 magna
989 3620 1140 3700 agerent,
1179 3619 1292 3679 tamen

98 3880 166 3930 (iones.
181 3893 200 3938 4,
214 3902 235 3932 v.
251 3894 272 3938 4,
285 3895 308 3937 ὅς
324 3894 391 3942 vulg.
405 3895 518 3943 Respexit
532 3896 649 3935 Dominus
664 3896 693 3935 ad
706 3896 765 3936 Abel
779 3896 803 3935 ct
818 3897 847 3935 aci
860 3905 955 3935 nounara
969 3896 1023 3943 ejus.
1044 3895 1079 3935 Ad
1101 3894 1160 3933 Cain
1180 3902 1246 3936 vero,
1262 3891 1286 3930 et

96 3969 155 4007 unere
166 3971 232 4010 iliius
248 3982 296 4022 non
310 3969 422 4021 'respexit

99 4038 274 4099 Quam
425 4038 430 4047 '

96 4115 174 4167 Denter.
188 4131 220 4175 ³2,
232 4140 255 4169 v.
269 4131 306 4174 2⁵13
320 4131 388 4180 vulg.
403 4143 429 4170 ne
446 4132 508 4171 torta
523 4133 674 4180 superbirent
687 4134 766 4179 hostes,
780 4133 804 4171 et
818 4132 936 4172 dicerent:
956 4132 1041 4172 Munus
1063 4131 1146 4171 nostra
1160 4131 1252 4175 excelso,
1269 4134 1290 4168 et

96 4194 179 4248 >monos
191 4210 246 4249 recu
261 4210 328 4250 hoec.

97 4275 141 4329 ⁰⁸1>-
153 4288 184 4334 u,
196 4299 219 4328 v.
234 4290 271 4333 ro;
286 4290 354 4338 ναις.
376 4290 435 4330 oum
448 4290 555 4332 resersus
569 4291 649 4331 omnia
662 4296 843 4341 quaepraecepto
856 4295 907 4330 cuni
921 4292 987 4339 voro,
1001 4291 1073 4332 ueste
1087 4291 1124 4330 cte
