3022 4844
652 328 696 341 —
720 293 785 358 305
809 327 852 339 —

202 434 250 523 ss)
273 456 290 499 a
312 438 397 501 Item
415 433 449 501 in
467 431 523 500 die
538 432 752 512 Animarum,
773 435 884 500 Bonae
899 441 1164 501 eventuraev—
1176 433 1285 524 Ineip.
1310 435 1394 504 «tu-

106 571 178 628 ente
192 559 292 647 (idern
317 578 427 626 omnes
444 557 502 624 isti
525 556 676 643 defuncti
697 566 786 636 sunt,
812 578 877 624 non
901 557 1046 647 ueoeptis
1068 559 1390 647 repromissionibus.

108 683 198 753 Heb.
228 687 262 749 ll
292 681 354 771 (l).
384 681 475 750 Lieet
498 690 614 749 autem
648 701 710 770 per
744 676 923 749 Christum
955 679 1244 770 impedimentum
1269 682 1396 751 extrin-

111 829 234 878 seeum
273 806 317 875 sit
341 815 524 886 remotum,
556 814 713 873 remanet
737 814 853 873 tamen
877 803 914 872 in
939 803 1101 894 pluribus
1132 804 1303 875 defunctis
1333 806 1397 875 im-

110 932 353 1024 pedimentum
379 929 619 1010 intrinsecum,
662 929 705 996 de
739 926 1037 1015 quibusdieitur:
1068 927 1185 998 Juutu
1206 929 1306 1018 fidem
1329 939 1392 998 eto.

110 1063 280 1128 Notantur
304 1065 420 1124 autem
458 1054 514 1122 hie
547 1063 707 1140 quatuor,
734 1053 862 1140 quibus
889 1051 1018 1121 moveri
1043 1052 1210 1121 dehemus
1234 1053 1277 1121 ad
1301 1075 1396 1122 oom-

112 1181 312 1271 passionem
345 1188 378 1247 et
413 1177 677 1246 subventionem
694 1176 863 1266 ipsorum,
881 1174 1023 1256 scilieet,
1052 1176 1260 1246 universitas
1284 1188 1397 1246 tantae

113 1302 362 1384 multitudinis
390 1325 501 1371 omnes
534 1302 614 1370 isti:
652 1298 916 1390 impossibilitas
940 1300 1072 1391 proprii
1100 1301 1304 1390 juvaminis
1341 1302 1396 1370 de-

114 1429 228 1514 tunoti
248 1438 339 1497 sunt:
365 1425 534 1494 idoneitas
559 1424 663 1493 alieni
687 1424 856 1515 suffragii,
877 1426 987 1514 juoetu
1013 1425 1128 1513 fidern:
1159 1425 1394 1515 longinquitas

116 1551 246 1619 aeterni
271 1549 428 1641 praemii,
458 1572 524 1618 non
552 1550 696 1640 ueeeptis
714 1548 1024 1639 repromissionibus
1028 1602 1095 1615 .....
1125 1572 1142 1614 »

203 1673 266 1764 pq)
293 1677 338 1741 lle
367 1677 400 1742 S.
433 1673 569 1740 Andrea
595 1671 609 1760 (
633 1671 657 1759 ).
690 1709 734 1720 -·
756 1670 893 1760 Ineipit:
927 1673 1104 1760 «Lipnum
1139 1673 1231 1761 vitup
1264 1672 1392 1740 deside-

118 1798 207 1865 riunt
227 1799 378 1866 ueniens.
406 1801 506 1865 Prov.
527 1794 639 1884 t3(3).
671 1794 804 1883 Lingua
818 1793 1011 1884 plaeabiliS,
1027 1794 1161 1885 lignum
1178 1795 1276 1864 vitae·
1294 1801 1390 1864 Prov.

127 1920 235 2009 ltu).
256 1920 349 1988 Siout
359 1919 527 1988 Dominus
543 1920 579 1986 in
595 1918 709 2009 prima
723 1916 919 1986 conditione
934 1917 1069 1998 mundi,
1086 1917 1226 2004 quando
1240 1919 1395 1990 condidit

120 2038 297 2113 hominem
327 2054 359 2113 et
388 2044 503 2134 posuit
526 2065 605 2112 eum
623 2043 659 2111 in
676 2041 848 2132 paradiso,
868 2042 1002 2111 diversa
1026 2042 1201 2133 lignorum
1217 2065 1343 2134 genera
1358 2045 1394 2112 in

112 2166 281 2251 paradiso
304 2167 482 2257 produxit,
499 2167 672 2254 quaedam
690 2166 734 2235 ἃᾶ
750 2165 1022 2235 continuandam
1036 2166 1152 2248 vitam,
1165 2168 1337 2253 quaedam
1352 2168 1395 2236 ad

96 2290 393 2381 ¹perpetuandam
410 2302 449 2361 ut
465 2290 601 2382 lignum
612 2290 718 2371 vitae;
737 2290 784 2360 ita
795 2295 884 2359 Deus
898 2290 1031 2359 homini
1042 2290 1211 2378 quasdam
1223 2293 1397 2362 doctrinas

96 2407 245 2502 (dedit)
267 2413 310 2482 ad
336 2413 493 2482 ordinem
510 2415 597 2482 vitae
621 2414 785 2493 hominia,
813 2414 984 2500 quasdam
1010 2414 1185 2484 doctrinas
1209 2416 1253 2484 ἃᾶ
1278 2415 1397 2502 aequi-

96 2538 266 2607 rendum
293 2537 400 2607 vitam
424 2548 618 2618 aeternam;
644 2548 676 2606 et
700 2538 784 2607 haee
808 2548 858 2606 est
883 2560 981 2607 saera
1005 2539 1174 2620 seientia,
1200 2551 1233 2608 et
1258 2539 1334 2608 ideo
1359 2562 1396 2607 o·

96 2669 215 2732 mnes
238 2662 327 2730 ali-ae
350 2661 408 2732 isti
431 2661 656 2743 famulantur,
683 2672 716 2731 et
739 2663 804 2731 ista
828 2662 992 2731 omnibus
1016 2662 1095 2731 aliis
1119 2663 1348 2733 antecellit...
1377 2686 1396 2729 n

96 2843 98 2851 .
207 2810 225 2852 «
252 2790 397 2876 Lipnunt
428 2790 520 2856 uitue
557 2788 760 2857 desiderium
785 2789 919 2856 ueniens
953 2798 1014 2856 ete.
1043 2793 1138 2856 Prov.
1179 2794 1231 2857 43·
1259 2795 1298 2858 Et
1321 2790 1398 2858 ideo

96 2896 212 2980 istud
238 2909 499 2999 assumpsimus
531 2908 574 2978 ad
609 2909 747 2979 laudem
780 2910 971 3000 praesentis
1005 2911 1244 2992 solemnitatis,
1273 2932 1335 3003 pro
1359 2934 1398 2982 eo

96 3034 209 3113 {uod
235 3033 294 3102 hie
318 3032 517 3103 insinuatur
540 3034 693 3102 mirabili
716 3035 867 3120 quadarn
892 3034 1125 3106 insinuatione
1149 3037 1265 3127 passio
1288 3038 1399 3107 saneti

96 3144 284 3237 &ndreae
310 3167 342 3224 et
367 3157 431 3225 hoe
454 3167 623 3244 quantum
649 3158 692 3226 ad
717 3158 853 3259 tria3....
880 3158 957 3228 Fuit
984 3160 1107 3229 acerba
1131 3160 1247 3250 passio
1271 3161 1395 3250 ipsius,

96 3286 140 3346 at
168 3283 239 3350 hoe
264 3290 405 3371 propter
428 3281 631 3351 diuturnam
656 3283 920 3372 suspensionem
944 3283 981 3352 in
1006 3305 1125 3354 eruce:
1152 3296 1186 3354 et
1213 3285 1278 3355 hoe
1302 3297 1397 3356 nota·

96 3408 169 3474 'rur
193 3424 280 3472 oum
304 3402 442 3484 dieitur,
472 3407 624 3495 Lipnunt.
653 3405 728 3474 Fuit
752 3407 856 3475 etiam
887 3407 1040 3477 salvifica
1062 3419 1232 3496 quantum
1257 3409 1300 3479 ad
1324 3409 1399 3480 fru-

96 3528 224 3607 mum,
240 3536 381 3616 propter
404 3527 497 3612 quod
523 3528 651 3597 subdit:
673 3531 776 3597 oitue.
796 3529 874 3599 Fuit
887 3530 992 3600 etiam
1013 3531 1205 3602 desiderata
1227 3544 1398 3619 quantum

96 3648 150 3721 id
187 3650 354 3743 patientis
377 3652 550 3734 allectum,
574 3665 713 3743 propter
744 3654 836 3740 quod
867 3654 1005 3724 subdit:
1021 3657 1224 3727 desideriunt
1247 3660 1395 3728 ueniens.
1476 3733 1480 3739 ,

96 3758 244 3847 bearna
268 3773 335 3844 luit
358 3776 473 3865 passio
497 3778 606 3846 saneti
628 3778 783 3847 Andreae
799 3779 882 3865 quia
898 3779 1128 3863 eruditione,
1147 3782 1300 3854 salvifica
1315 3783 1399 3871 quia

123 4096 163 4147 (1)
180 4096 255 4136 Vera.
277 4094 310 4133 1⁸.

121 4174 163 4227 (2)
170 4178 321 4222 anonymus
330 4174 368 4214 est
378 4183 455 4216 sermo
471 4175 525 4222 late,
540 4173 590 4226 aad]
604 4176 677 4216 codex
693 4175 755 4216 suus
773 4177 875 4225 optimas
892 4177 961 4217 notae
979 4170 1256 4229 eumdemffoontrssstum
1278 4184 1305 4225 et
1315 4180 1405 4225 'Bent-

96 4242 233 4301 hatum
249 4252 394 4302 insedptum
411 4255 524 4295 eontinet.
541 4256 545 4263 '
1397 4238 1400 4243 ¹

124 4338 165 4389 (s)
180 4337 257 4378 Vero.
276 4335 311 4375 12.
349 4376 355 4389 Ι

123 4420 163 4469 (t)
180 4418 255 4459 Vm.
274 4417 294 4454 l.
