3022 4844
86 86 186 166 botes.
214 96 340 187 Collige
372 96 477 188 igitur
506 99 729 179 summatim,
771 99 914 189 recogita
951 121 1076 189 genera
1114 100 1342 190 singulorum.

90 202 126 281 Εἰ
161 241 234 289 ecce
276 223 425 292 occurrit
461 223 545 291 mihi
582 223 781 304 meditanti,
813 224 1122 293 innumerabilium
1158 225 1343 295 beneficio-

10 340 15 363 ²
94 354 155 413 turn
180 345 323 414 celebris
346 347 520 427 denarius
548 348 793 416 memoratione
824 347 1062 438 dignissimus
1093 349 1217 438 partim
1248 371 1346 439 prae-

57 490 61 496 ·
92 468 215 551 lerimS,
241 471 367 560 partim
399 469 555 552 tuturus,
586 495 647 562 pro
674 484 767 562 parte
792 472 948 541 occultus
974 484 1006 541 et
1035 473 1250 562 insperatae,
1283 496 1344 563 pro

83 602 171 681 parte
207 594 409 673 manifestus
440 609 473 665 et
504 597 630 677 scitus;
676 597 859 677 deflerim,
896 597 1064 682 inquam,
1105 597 1261 688 obligans
1301 598 1343 666 ad

78 719 289 800 amandum,
324 720 459 810 erigens
502 721 543 789 ad
584 694 844 802 confitendum,
882 721 1033 791 excitans
1071 721 1113 790 ad
1154 723 1280 813 gratias
1309 744 1346 791 a·

76 844 272 933 gendum...
301 869 318 911 »
772 938 777 945 .

165 970 310 1040 Desinit:
338 971 445 1041 «Vita
459 982 606 1053 aeterua,
640 973 707 1041 vitu
721 984 809 1053 mea,
830 972 916 1039 mihi
942 995 962 1040 a
985 974 1259 1063 praedestinante
1283 996 1341 1042 vo-

70 1092 155 1176 lita,
187 1095 274 1164 mihi
299 1118 320 1164 a
348 1108 487 1165 vocante
512 1096 693 1177 mandata,
725 1096 812 1164 mihi
842 1120 862 1165 a
893 1097 1058 1166 moriente
1086 1109 1224 1187 empta,
1258 1097 1342 1165 mihi

70 1242 93 1288 a
118 1220 329 1311 praemiante
354 1222 498 1311 gratuite
523 1221 656 1292 collata.
686 1220 800 1291 Gratia
824 1222 917 1290 enim
945 1222 1001 1289 Dei
1032 1222 1100 1291 vita
1124 1232 1261 1292 aeterna
1278 1223 1330 1312 (l)

22 1418 28 1425 ,
71 1348 114 1411 ln
140 1343 205 1412 hac
230 1344 317 1425 vita,
343 1345 385 1414 de
412 1345 476 1414 hac
502 1346 589 1426 vita,
617 1358 649 1414 et
679 1367 740 1435 pro
769 1346 832 1414 hac
867 1345 956 1425 vita,
985 1345 1133 1414 laudabo
1159 1345 1343 1414 Dominum

70 1466 109 1535 in
137 1468 228 1549 vita,
255 1478 288 1538 et
317 1469 426 1538 vivam
460 1470 496 1537 in
531 1469 652 1550 laude,
681 1479 714 1539 et
745 1470 831 1538 vitae
865 1481 1021 1539 aeternae
1052 1470 1097 1539 sit
1121 1491 1183 1538 vox
1207 1470 1341 1552 laudiS,

10 1666 17 1677 θ
70 1604 103 1661 et
127 1593 318 1683 gratiarum
342 1595 428 1663 actio
453 1606 642 1663 coaeterna.
673 1597 836 1663 Amen.»
1339 1674 1343 1680 Ι

164 1716 309 1787 Alterius
346 1719 452 1809 partis
486 1719 641 1810 ejusdem
667 1716 859 1787 Laudatorii
883 1718 1041 1787 initium:
1070 1744 1086 1783 a
1115 1725 1198 1787 Voce
1231 1718 1344 1789 cordis

19 1914 28 1932 ὅ
75 1854 108 1911 et
137 1843 227 1924 oria,
258 1843 295 1910 in
327 1843 462 1912 laudem
490 1845 617 1912 summi
646 1844 922 1934 Redemptoris...
951 1867 969 1909 a

24 1984 51 2011 ·-
163 1967 304 2036 Desinit:
331 1936 514 2059 «⁴Semper
539 1968 664 2039 vocabo
682 1980 723 2049 te,
743 1980 775 2037 et
801 1968 921 2036 videbo
950 1980 992 2048 te,
1021 1990 1135 2059 regem
1162 1992 1277 2038 meum
1307 1970 1341 2038 in

22 2176 25 2181 Ι
68 2092 196 2162 decore
220 2104 301 2172 tuo,
333 2104 364 2162 et
397 2092 656 2162 honorificentia
691 2093 807 2183 regali.
849 2091 970 2161 Videns
1003 2104 1140 2173 autem,
1173 2095 1249 2162 sine
1277 2105 1344 2163 ter-

68 2218 168 2287 mino
197 2217 365 2307 gaudebo,
397 2218 526 2304 absque
550 2216 686 2287 fastidio
718 2217 852 2297 amabo,
878 2228 910 2286 et
934 2217 1148 2286 aeternaliter
1170 2219 1244 2286 sine
1269 2217 1344 2287 lati-

10 2326 15 2337 ’
66 2342 210 2432 gatione
249 2341 461 2412 collaudabo.
498 2344 591 2412 Tunc
622 2342 714 2411 ultra
744 2364 811 2411 non
841 2340 1014 2420 esuriam,
1059 2364 1120 2410 nec
1148 2342 1270 2410 amodo
1297 2341 1343 2410 si-

63 2467 175 2546 tiam,
203 2466 287 2552 quia
312 2464 403 2536 sonte
428 2467 569 2557 perenni
595 2466 755 2557 potabor,
790 2477 822 2534 et
846 2486 933 2555 pane
958 2464 1043 2533 vitae
1068 2487 1108 2533 ac
1136 2465 1237 2533 totius
1262 2465 1342 2534 dul-

60 2588 205 2663 cedinis
242 2591 402 2661 satiabor.
443 2596 549 2661 Fruar
583 2612 718 2682 semper
750 2602 809 2660 tua
843 2589 1048 2669 dulcedine,
1089 2611 1150 2658 nec
1186 2610 1340 2676 unquam

60 2712 226 2785 lastidire
249 2726 378 2819 potero,
402 2716 486 2785 dum
510 2716 604 2786 omni
637 2726 788 2807 ternpore
822 2734 943 2785 nouam
967 2713 1003 2781 in
1028 2725 1059 2782 te
1083 2713 1340 2783 delectationem

59 2843 245 2921 invenero,
272 2862 373 2911 omne
387 2841 605 2938 ‘desiderium
638 2846 754 2911 ineam
785 2839 997 2931 implebitur,
1024 2840 1119 2909 cordi
1142 2861 1217 2909 meo
1245 2839 1341 2909 omni

59 2965 156 3035 hora
188 2962 407 3034 innovabitur
429 2946 579 3049 laetitia,
614 2967 732 3036 anima
754 2986 831 3035 mea
853 2964 928 3033 sine
948 2964 1048 3034 modo
1067 2965 1337 3054 jucundabitur,

58 3090 156 3161 durn
176 3100 208 3159 te
230 3094 420 3160 Creatorem
434 3114 537 3161 suurn
557 3092 631 3161 sine
654 3091 722 3160 fine
744 3089 1034 3180 contemplabitur
1057 3091 1092 3157 in
1117 3101 1254 3160 aeterna
1272 3089 1341 3157 ela-

32 3194 38 3205 ’
60 3214 181 3285 ritate.
207 3213 255 3283 nd
275 3236 380 3302 quam
397 3215 601 3297 claritatem,
629 3228 662 3286 et
686 3232 914 3307 supernorum
938 3215 1065 3284 civium
1089 3215 1258 3285 civitatem
1279 3214 1341 3283 Do-

60 3340 164 3409 mine
197 3354 330 3409 merear
357 3340 561 3433 pertingere,
597 3352 655 3412 tua
682 3341 872 3433 opitulante
888 3341 1009 3432 gratia.
1041 3341 1106 3423 Qui
1137 3339 1223 3409 vivis
1237 3351 1269 3408 et
1284 3360 1338 3408 re-

63 3472 206 3554 gnae.»
571 3454 629 3529 a

68 3602 77 3621 ·
157 3609 189 3651 «·
203 3584 347 3678 Explicit
371 3590 613 3661 Laudatorium
636 3592 902 3660 Bonaventurao.
931 3612 948 3655 »
