3022 4844
747 281 792 293 ..
816 247 857 312 ag
879 281 924 293 ..

197 397 236 458 ut
250 385 554 457 Bonaventurianis
578 384 852 476 multiplicandis
876 406 1016 477 operam
1040 384 1264 476 impenderet,
1284 408 1321 456 se
1337 396 1371 457 et
1386 387 1468 457 alios

197 512 241 582 ad
266 512 301 581 id
326 510 453 581 laboris
476 510 643 580 excitabat
666 510 845 598 inquiens:
872 511 958 579 Dioni
979 533 1122 579 raccant:
1146 511 1277 600 Sufficit
1301 512 1384 581 hoec
1415 512 1469 582 do·

198 639 318 707 ctrina.
351 643 390 707 Ut
422 636 504 728 qnid
535 638 637 705 stulto
654 636 765 706 labore
781 636 1007 705 consumeris?
1023 635 1109 718 Quia
1132 636 1239 705 dictas
1258 637 1379 720 iQaid
1391 639 1470 706 scri·

188 762 271 850 dia?
293 762 559 851 Maltc'pliccntnr
567 760 683 850 potina
705 769 737 828 ct
761 761 1029 829 transcribantur
1052 766 1155 850 opcra
1178 761 1330 829 Doctoris
1345 762 1464 841 istius,

198 886 238 954 dc
261 908 325 976 qao
348 907 424 954 ccrc
452 882 687 953 diciturillud
712 883 837 953 Christi
864 884 904 952 dc
927 888 1069 953 Joannc:
1093 888 1178 953 Erat
1195 861 1335 954 lacerna
1350 885 1468 954 arden

198 1019 230 1078 ct
255 1007 394 1098 lucens(
417 1007 442 1097 ).
979 987 985 998 ’

282 1131 385 1202 Nobis
407 1142 586 1223 propterea
607 1130 668 1219 qui
682 1140 750 1201 toto
764 1131 857 1201 coelo
880 1132 923 1201 ab
946 1131 1133 1201 eminentia
1147 1131 1351 1202 Gersoniani
1373 1132 1466 1224 inge-

196 1255 247 1325 nii
270 1255 450 1338 distamus
476 1277 557 1326 cum
575 1266 689 1326 tamen
707 1255 834 1346 pariter
850 1278 931 1326 cum
949 1277 988 1326 eo
1013 1256 1231 1326 vehementer
1254 1255 1466 1328 admiremur
1501 1284 1503 1303 ¹

196 1379 408 1471 singularem
432 1401 471 1449 ac
495 1400 602 1470 prope
616 1377 769 1448 divinam
785 1383 817 1448 S.
834 1383 1089 1449 Bonaventurae
1111 1379 1329 1470 sapientiam,
1346 1380 1464 1451 eadem
1501 1428 1503 1433 -

194 1503 291 1574 illius
312 1503 415 1573 verba
437 1524 627 1595 usurpare,
665 1524 704 1572 ac
737 1502 860 1595 potiori
887 1503 990 1594 jure,
1016 1503 1084 1574 alia
1107 1504 1137 1574 si
1160 1515 1333 1595 praestare
1365 1529 1464 1598 eupe

194 1651 323 1710 remus
350 1627 449 1698 nobis
471 1626 557 1719 ipsis
579 1627 692 1697 dicere
715 1627 829 1697 liceat:
856 1628 1126 1719 Multiplicentur
1149 1629 1263 1720 potius
1278 1651 1387 1720 opera
1404 1636 1481 1701 Do-¹

195 1754 294 1825 ctoria
315 1753 509 1844 Scrapln’ci‚
535 1773 682 1840 quorum
705 1740 875 1823 hactenus
894 1774 996 1822 cusas
1018 1752 1185 1824 editiones
1199 1754 1293 1823 haud
1309 1753 1463 1825 sufficere

165 1902 167 1906 ⁴
194 1877 237 1946 ad
261 1877 430 1968 integram
452 1875 708 1968 et'germanam
731 1856 886 1967 ejusdem
910 1876 1102 1947 doctrinam
1125 1877 1356 1948 exhibendam
1375 1901 1464 1949 eom-

193 2010 328 2092 pertum
363 2000 555 2082 habemus,
593 2011 625 2070 et
659 2000 695 2069 in
729 2000 884 2088 sequenti
918 1999 1030 2090 capite
1063 1999 1286 2103 aggredimur
1322 2001 1463 2073 demon-

195 2136 312 2194 strare.

220 2377 379 2426 [1)1neodem
388 2376 465 2417 urent.
473 2377 506 2416 Dc
515 2387 585 2416 mam.
595 2376 693 2424 doctrin,
700 2375 745 2415 loc.
755 2376 795 2418 cit.
805 2396 831 2405 -
845 2375 873 2416 In
888 2376 1055 2426 epistolavero
1071 2377 1100 2417 ad
1115 2377 1247 2418 oswaldum
1261 2378 1456 2422 carthusiensem
1501 2352 1503 2359 Ι

193 2456 247 2498 edit.
257 2455 303 2504 en„
313 2457 369 2496 tom.
379 2456 398 2503 1,
407 2457 451 2496 col.
460 2457 507 2503 116,
516 2457 561 2495 ait:
577 2455 587 2476 ¹⁴
601 2456 737 2497 Doctrinam
746 2455 901 2506 theologicam
911 2457 1006 2506 proprie
1016 2457 1138 2498 dicendum
1151 2458 1230 2498 eximii
1244 2458 1268 2499 et
1279 2459 1402 2509 seraphici
1415 2463 1457 2502 Do·

194 2535 205 2556 ⁸
220 2537 292 2577 cteris
308 2537 396 2577 domini
411 2537 589 2578 Bonaventuiae
604 2536 741 2583 cardinalis,
757 2537 830 2577 offero
838 2547 876 2578 me
892 2537 1060 2584 laboraturum,
1068 2539 1131 2588 quod
1146 2539 1260 2580 habeatur
1270 2541 1462 2584 adtranscriten·
1501 2516 1503 2531 Ι

194 2616 205 2636 “
220 2617 283 2656 dum.
298 2644 308 2667 „
