3022 4844
540 257 583 269 —
608 222 672 287 ⁴59
695 253 739 267 -

10 357 99 427 alde
121 358 307 447 poenitens,
340 358 423 426 fecit
451 358 628 448 propitiari
658 360 805 447 peccatis
824 359 957 428 alienis.
987 360 1071 429 Fuit
1093 363 1203 450 igitur
1225 364 1286 432 mi·

10 482 119 551 abilis
141 481 347 550 sanctitatis.

89 606 223 688 Quarto
245 604 314 673 fuit
336 604 414 673 miri
437 606 569 674 amoris.
595 604 764 672 Mirabilis
793 611 907 677 autem
937 629 1029 675 amor
1057 614 1111 675 est
1150 608 1186 675 in
1221 632 1287 698 quc

10 722 102 793 lmul
124 731 329 793 concurrunt
360 725 455 811 rigor
487 725 680 793 severitatis
715 731 751 793 et
785 725 902 797 dulcor
925 726 1160 814 benignitatis.
1186 728 1288 796 Tales

10 854 141 915 uerunt
162 848 281 935 macti,
308 848 367 938 qui
389 848 582 917 habuerunt
604 849 715 917 zelum
742 872 816 917 cum
846 850 974 938 pietate
996 850 1069 919 Dei.
1095 850 1187 919 Psal.
1215 851 1282 938 (1):

10 968 215 1039 :xnluhunt
245 972 355 1041 sancti
398 972 434 1039 in
473 972 601 1061 gloria,
642 972 863 1045 laetabuntur
907 974 944 1040 in
991 973 1157 1042 cubilibus
1199 975 1283 1042 suis.

10 1090 234 1163 haltationes
262 1095 326 1164 Dei
356 1095 394 1163 in
427 1102 567 1184 gutture
597 1118 723 1184 eorum,
750 1102 785 1164 et
806 1096 914 1183 gladii
950 1097 1112 1185 ancipites
1135 1103 1200 1167 etc.
1225 1098 1283 1164 Ad

10 1218 185 1287 &endam
221 1223 287 1287 etc.
329 1218 423 1288 Telis
456 1219 525 1286 fuit
557 1218 719 1306 Moyses,
755 1218 852 1289 Elias
886 1225 922 1287 et
954 1220 1182 1288 Matthathias
1222 1220 1282 1310 qui

10 1340 103 1411 multi
124 1346 206 1410 sunt
226 1341 373 1431 injurias
393 1342 467 1410 Dei.
494 1342 559 1410 Sed
583 1347 713 1431 oportet
736 1342 824 1431 quod
844 1342 1010 1430 judicium
1037 1343 1280 1412 concomitatur

10 1462 133 1551 delas,
164 1466 244 1556 quia
267 1465 433 1554 judicium
462 1465 535 1533 sine
561 1465 789 1533 misericordia
823 1467 883 1533 fiet
918 1466 977 1548 ei,
1012 1466 1072 1556 qui
1099 1489 1166 1534 non
1197 1468 1281 1534 fecit

10 1590 261 1659 misericordiam
290 1591 352 1676 (2).
394 1589 460 1658 Sed
500 1589 536 1655 in
572 1589 670 1657 beato
704 1589 875 1677 Stephano
918 1588 987 1657 fuit
1028 1613 1151 1677 magna
1194 1590 1283 1659 beni·

10 1714 129 1801 ruitae,
166 1715 246 1804 quia
279 1714 398 1802 positis
431 1714 573 1801 genibus
607 1713 726 1781 orabat
772 1713 884 1781 dicens
915 1716 984 1801 (3):
1032 1715 1194 1801 Domine,
1242 1736 1284 1781 ne

12 1844 132 1911 latras
161 1839 233 1905 illis
263 1838 327 1906 hoc
357 1843 548 1926 peccatum,
582 1837 661 1926 quia
689 1837 843 1905 nesciunt
871 1837 952 1927 quid
980 1837 1112 1906 faciunt
1140 1840 1208 1924 (4);
1249 1844 1285 1905 et

10 1982 35 2031 n
60 1963 189 2032 Matth.
214 1963 282 2051 (5):
318 1963 437 2030 Estote
460 1962 598 2051 perfecti
630 1961 718 2028 sicut
745 1966 842 2049 pater
870 1965 981 2028 vester
1011 1961 1187 2048 coelestis,
1224 1960 1282 2050 qui

10 2086 100 2157 clem
130 2110 228 2155 snum
269 2088 353 2154 facit
386 2085 467 2154 oriri
509 2107 608 2174 super
638 2084 751 2172 justos
786 2093 820 2152 et
852 2084 998 2171 injustos
1023 2086 1085 2173 (6).
1122 2082 1209 2153 Item
1240 2084 1276 2150 in

10 2212 114 2280 ecdem
139 2212 205 2299 Ul:
243 2211 387 2299 Diligite
417 2210 569 2278 inimicos
603 2215 752 2295 vestros,
785 2207 971 2275 benefacite
1006 2213 1070 2276 etc.
1110 2207 1278 2275 Mirabilis

10 2336 86 2404 mim
108 2336 263 2405 caritatis
283 2336 353 2404 fuit
374 2336 493 2402 beatus
517 2332 725 2422 Stephanae,
752 2331 833 2423 quia
856 2354 931 2399 oum
961 2332 1033 2399 zelo
1064 2332 1184 2399 habuit
1207 2352 1275 2421 ma·

10 2462 122 2530 :imam
143 2460 410 2549 compassionem,
436 2466 472 2526 et
493 2460 530 2525 in
553 2458 615 2525 hoo
641 2457 794 2524 imitator
824 2455 893 2523 fuit
924 2455 1073 2543 Christi,
1110 2456 1168 2544 qui
1202 2478 1277 2522 cum

10 2586 306 2676 apprehenderetur
338 2607 358 2651 a
391 2582 416 2653 J
418 2583 543 2670 udeeis,
580 2574 715 2649 sanavit
744 2580 931 2648 auriculam
953 2581 1055 2648 servi.
1081 2581 1153 2647 Hoc
1176 2579 1279 2645 etiam

10 2708 95 2781 locet
117 2711 201 2780 fides
223 2710 408 2779 christiana
429 2714 465 2778 et
487 2708 606 2777 beatus
629 2706 821 2796 Stephanus
848 2704 1033 2794 lapidatus.

16 3034 49 3085 (1)
64 3033 117 3078 149,
134 3040 156 3070 v.
175 3033 195 3077 ὅ.
208 3031 228 3076 ⁶»
247 3032 266 3071 ¹1.

16 3116 49 3165 (2)
63 3112 149 3155 Jscob·
164 3113 185 3157 2,
199 3120 222 3149 v.
236 3110 269 3150 13.

13 3196 47 3247 (8)
60 3193 145 3235 Actor.
160 3192 181 3237 τ,
193 3200 217 3231 v.
229 3192 266 3235 Μ
280 3190 348 3240 Vulg-
361 3190 469 3236 Domine,
484 3198 514 3228 ne
529 3186 621 3228 statuas
636 3186 685 3227 ints
700 3188 744 3227 hoo
758 3185 889 3235 peccatum.
905 3183 934 3223 at
949 3191 1003 3222 oum
1017 3180 1062 3222 hoc
1072 3180 1179 3225 dixisset,
1193 3178 1278 3218 obdor-

10 3276 61 3317 1vlt
77 3274 108 3312 in
121 3270 231 3312 Domino.

10 3357 43 3407 (4)
58 3356 122 3397 Luc.
136 3354 171 3397 23,
185 3353 224 3396 ³4;
238 3350 306 3401 Vulg.
319 3362 364 3391 non
376 3351 434 3390 enlm
446 3351 517 3390 sciunt
531 3349 589 3397 quid
603 3348 701 3387 faciunt.

10 3438 43 3487 (5)
58 3437 121 3482 cap.
135 3434 157 3478 5,
171 3441 194 3472 v.
208 3431 241 3470 48.

10 3520 41 3567 (a)
56 3512 149 3555 matth.
164 3513 185 3559 5,
201 3519 223 3548 v.
237 3511 269 3549 45.

10 3598 41 3649 [7)
57 3597 119 3643 cap.
133 3594 154 3639 6,
168 3600 194 3631 v.
209 3590 243 3636 44,
255 3589 280 3628 et
293 3590 354 3630 Luc.
368 3589 388 3635 d,
401 3598 423 3629 v.
438 3589 484 3630 ll..
