3022 4844
625 313 669 323 ..
693 279 757 367 227
780 313 825 323 ..

97 418 235 508 ttingat,
262 404 409 503 nequeat
436 428 550 486 tamen
575 438 633 484 eas
655 394 823 517 attingere
846 415 977 501 absque
992 413 1174 504 speciebus
1189 413 1353 505 intelligi-

96 541 201 610 ilium
229 527 472 610 creatorum'a
495 540 735 630 phantasmate
763 538 956 608 abstractis.
988 538 1108 608 Modus
1138 548 1254 608 autem
1284 560 1353 624 quo

96 660 225 730 ationes
249 659 327 729 illas
350 659 489 751 attingit
512 681 612 728 mens
639 659 795 728 humana
828 666 890 748 per
912 670 1099 755 peccatum·
1118 658 1207 727 Adae
1231 658 1349 749 lapsa,

96 804 148 852 ron
173 794 224 852 est
244 787 344 874 plene
371 794 403 853 et
428 784 615 874 perspicue,
649 782 708 852 sed
740 806 785 852 em
807 793 910 874 porte
939 792 971 852 et
997 785 1032 851 io
1058 784 1264 872 uent'qmcte.

169 907 357 978 Causalitas
385 907 492 998 igitur
517 907 699 993 utriusque
722 907 865 976 rationis
894 907 942 975 ita
965 927 1001 974 se
1025 906 1150 987 habet,
1187 920 1226 975 ut
1264 908 1350 977 ratio

96 1043 219 1101 eterna
243 1032 286 1100 sit
309 1031 474 1123 regulans
496 1042 529 1100 et
552 1053 716 1110 movens,
749 1040 862 1100 creata
890 1051 967 1099 vero
1000 1030 1172 1120 attingens
1205 1030 1355 1100 rationes

96 1167 237 1224 eternas
261 1177 322 1245 per
345 1157 503 1246 proprias
527 1169 559 1226 et
585 1157 765 1227 distinctas
802 1156 951 1224 rationes
979 1155 1229 1245 cognoscendi,
1261 1155 1356 1224 vide-

95 1278 161 1348 icet
183 1301 244 1369 per
272 1279 519 1349 similitudines
542 1274 815 1372 intelligibilium
839 1301 858 1347 a
885 1278 1126 1370 phantasmate
1153 1280 1354 1349 abstractas:

96 1426 121 1471 tc
145 1415 336 1494 propterea,
363 1404 519 1473 medium
552 1426 744 1492 quomens
776 1403 931 1473 humana
955 1403 1104 1472 rationes
1138 1412 1295 1471 aeternas
1320 1425 1360 1471 ex

96 1539 178 1595 tarte
205 1539 238 1595 et
266 1528 301 1596 in
334 1528 527 1618 aenigmate
555 1528 711 1618 attingit,
752 1539 802 1596 est
826 1527 892 1595 sibi
916 1527 1098 1617 proprium
1122 1537 1154 1593 et
1179 1525 1356 1606 nativum,

96 1660 219 1736 ttquea
245 1650 377 1720 lumine
405 1661 562 1720 aeternae
590 1651 740 1720 veritatis
766 1649 909 1718 omnino
939 1650 1147 1740 sejunctum.
1166 1653 1212 1717 Ex
1236 1671 1275 1719 eo
1297 1672 1358 1717 au-

96 1792 152 1840 em
175 1774 268 1859 quod
292 1774 441 1844 rationes
465 1785 620 1844 aeternas
649 1772 789 1843 nonnisi
812 1795 852 1841 ex
882 1784 978 1863 parte
993 1786 1026 1841 et
1048 1773 1084 1841 in
1102 1773 1295 1862 aenigmate
1309 1782 1358 1840 at-

96 1893 215 1987 tingere
239 1919 438 1986 possumus,
469 1897 689 1967 inferendum
712 1919 787 1966 esse
811 1897 956 1977 videtur,
985 1918 1053 1965 non
1084 1896 1243 1985 possein
1265 1906 1358 1965 statu

96 1986 275 2104 prffisentis
300 2021 387 2090 vitae
411 2021 511 2111 plene
534 2033 567 2089 et
591 2021 773 2112 perspicue
788 2020 948 2110 intelligi,
974 2020 1147 2108 quomodo
1166 2018 1360 2088 intellectus

98 2153 200 2211 noster
227 2166 288 2234 per
313 2144 444 2234 species
468 2166 488 2212 a
512 2119 751 2235 phantasmate
778 2144 986 2224 abstractas,
1015 2145 1164 2213 rationes
1192 2143 1271 2212 illas
1308 2156 1361 2212 at-

98 2263 205 2355 tingat.
233 2267 411 2354 Siquidem
435 2269 477 2336 ad
501 2268 536 2337 id
562 2269 662 2358 plene
686 2267 952 2359 intelligendum
980 2280 1013 2336 et
1045 2267 1157 2349 clare,
1194 2279 1364 2357 oporteret

99 2404 149 2453 eas
172 2391 336 2481 attingere
360 2391 459 2482 plene
482 2405 514 2460 et
538 2392 731 2482 perspicue.
764 2391 860 2461 Unde
895 2391 1007 2482 magis
1041 2391 1192 2472 scimus,
1219 2413 1282 2459 nos
1305 2412 1363 2459 eas

102 2507 202 2598 aliquo
230 2514 332 2583 modo
355 2516 533 2606 attingere,
559 2538 665 2603 quam
680 2515 853 2603 quomodo
878 2538 938 2606 per
952 2516 1084 2605 species
1099 2527 1230 2584 creatas
1255 2514 1358 2582 attin-

103 2651 221 2716 gamus.
250 2640 356 2708 Sicuti
379 2639 482 2710 etiam
512 2640 623 2730 magis
647 2640 778 2708 scimus
805 2645 913 2709 Deum
937 2661 1142 2709 concurrere
1165 2640 1211 2708 od
1226 2640 1363 2728 operari

103 2758 256 2848 cujusque
278 2775 466 2843 creaturae,
493 2785 598 2850 quam
626 2763 800 2851 quomodo
828 2764 903 2852 ipse
941 2773 1143 2843 concurrat,
1171 2783 1232 2830 seu
1256 2761 1359 2829 ratio-

103 2888 170 2947 nem
195 2883 418 2953 intrinsecam
444 2884 616 2973 ejusmodi
639 2905 842 2952 concursus.
861 2887 905 2952 dc
929 2905 990 2973 per
1014 2884 1077 2952 hoc
1102 2904 1213 2969 neque
1229 2880 1361 2973 percipi

102 2991 181 3071 clare
206 3018 326 3096 potest,
353 3006 526 3094 quomodo
550 3011 641 3075 Deus
667 3006 799 3096 regulet
827 3028 866 3075 ac
892 3017 1023 3075 moveat
1047 3006 1214 3076 rationem
1239 3005 1363 3074 huma·

101 3130 172 3193 flam
193 3130 235 3198 ad
259 3130 431 3211 effectum,
459 3152 635 3203 unacum
659 3130 744 3210 hac,
767 3130 1023 3201 certitudinalis
1047 3129 1254 3220 cognitionis
1279 3151 1359 3218 pro-

99 3233 300 3322 ducendum.
328 3256 415 3322 Sunt
442 3253 534 3321 enim
560 3254 643 3322 certi
667 3253 754 3322 fines
775 3254 811 3321 in
836 3276 953 3323 rerum
976 3253 1169 3322 rationibus
1193 3274 1361 3338 quaeren-

96 3354 157 3453 dlS,
181 3398 266 3462 quos
290 3376 437 3446 humani
462 3377 513 3445 vis
537 3377 730 3446 intellectus
760 3376 994 3467 praetergredi
1020 3377 1153 3462 nequit.

181 3504 269 3569 Haec
293 3498 356 3591 ego
380 3500 423 3569 ad
453 3511 602 3571 mentem
640 3500 815 3590 Seraphici
852 3501 979 3570 dixisse
1012 3513 1125 3591 puto,
1154 3513 1255 3586 atque
1279 3500 1365 3568 alias

96 3597 197 3693 lusus
221 3624 344 3693 eadem
369 3635 470 3711 atque
494 3624 562 3694 alia
585 3625 759 3694 dicturum
786 3647 897 3715 spero,
924 3624 968 3693 ad
992 3625 1068 3714 ejus
1093 3624 1298 3703 doctrinam,
1328 3623 1364 3691 in

96 3742 151 3812 lac
175 3747 215 3817 de
240 3770 311 3834 qua
335 3748 472 3838 agimus
504 3749 726 3835 quaestione,
754 3748 1008 3840 explicandam.
1039 3748 1103 3817 Sed
1127 3761 1159 3816 et
1183 3770 1222 3816 ex
1246 3746 1369 3837 paucis

96 3865 172 3938 lllae
196 3872 253 3940 hic
278 3893 341 3962 pro
366 3871 505 3941 modulo
521 3895 598 3941 meo
621 3871 704 3954 dixi,
722 3883 825 3959 atque
851 3873 952 3964 longe
972 3871 1098 3942 melius
1121 3873 1234 3962 ipsam
1259 3891 1367 3956 quae-

96 3979 228 4064 ’lionem
264 4000 299 4067 S.
328 4000 583 4065 Bonaventurae
618 3996 866 4066 meditantibus
905 3997 1020 4086 palam
1046 3996 1124 4076 fiet,
1152 3995 1239 4063 nihil
1265 3995 1301 4062 in
1325 4016 1366 4062 ea

96 4112 267 4188 lt{currere
291 4119 383 4205 quod
408 4119 579 4188 averitate
602 4119 771 4189 catholica
785 4120 979 4200 abhorreat,
1002 4118 1160 4204 nihilque
1177 4117 1269 4204 quod
1295 4129 1369 4188 tuto

96 4227 183 4310 '’Padi
206 4265 275 4311 non
301 4243 427 4333 possit;
441 4243 484 4312 ad
499 4266 588 4330 quae
601 4245 705 4314 etiam
731 4244 843 4333 magis
856 4243 1173 4324 animadvertenda,
1193 4241 1365 4328 quaedam

96 4363 338 4437 mundioribus
376 4366 484 4438 literis
509 4368 643 4458 signata
675 4368 780 4436 lector
805 4367 954 4437 inveniet
978 4368 1014 4436 in
1048 4368 1124 4459 ipsa
1153 4366 1366 4453 quaestione.
