3022 4844
626 343 670 352 -
694 309 758 373 aaa
782 341 827 350 -

96 445 312 535 ppositionis
336 458 436 527 tenet,
462 444 556 532 quod
581 445 610 514 si
634 466 746 514 unum
771 444 1011 533 oppositorum
1035 465 1104 511 non
1128 443 1256 511 dicitur
1281 443 1371 512 mul-

96 568 268 658 ipliciter,
296 591 358 638 nec
382 568 574 655 reliquum;
611 568 670 636 sed
705 567 941 637 necessarium
965 578 998 635 et
1022 565 1237 656 impossibile
1261 589 1370 656 oppo-

96 703 216 760 rnntur
239 692 357 778 aliquo
381 714 505 782 genere
528 691 774 781 oppositionis;
801 713 883 781 ergo
907 714 988 760 cum
1013 712 1082 759 non
1108 689 1367 779 distinguatur,

96 837 119 882 o
142 815 238 902 quod
270 814 335 883 boc
368 815 460 901 quod
485 815 570 916 ‘dico
607 817 835 905 impossibile,
873 815 982 904 possit
1005 814 1119 882 dicere
1143 813 1370 903 impossibili-

96 948 186 1007 atem
211 938 439 1008 terminorum
463 937 514 1007 vel
541 938 777 1018 habitudinis
805 939 887 1024 quia
912 938 1032 1008 nullus
1065 937 1293 1007 terminorum
1319 939 1371 1005 di-

96 1060 175 1130 :itur
196 1061 444 1151 impossibilis;
477 1084 558 1152 ergo
589 1085 651 1131 nec
684 1085 724 1131 ex
757 1073 853 1152 parte
884 1062 992 1151 hujus
1023 1063 1115 1148 quod
1142 1061 1220 1130 dico
1257 1080 1370 1131 ceces-

96 1189 187 1261 rnrio,
212 1185 312 1254 debet
335 1184 412 1254 fieri
437 1185 625 1254 distinctio.

174 1315 299 1389 «Item
327 1309 496 1379 habitudo
510 1322 674 1380 causatur
688 1334 709 1378 a
727 1309 897 1392 terminis,
915 1323 949 1378 ct
966 1310 1172 1401 generaliter
1187 1312 1366 1398 quodlibet

96 1431 301 1521 complexum
333 1433 376 1501 ab
409 1433 644 1524 incomplexo;
683 1455 764 1524 ergo
799 1446 831 1502 ct
868 1435 1053 1504 necessitas
1090 1435 1306 1504 habitudinis
1348 1459 1368 1503 a

99 1557 284 1626 necessitate
323 1555 550 1626 terminorum
583 1556 805 1636 causabitur;
842 1580 922 1647 ergo
958 1581 1038 1626 cum
1076 1582 1143 1628 non
1175 1560 1217 1628 sit
1242 1581 1369 1649 ponere

102 1657 242 1750 ellectum
267 1691 402 1771 praeter
426 1703 589 1762 causam,
627 1703 693 1749 non
727 1682 791 1750 crit
816 1702 942 1770 ponere
968 1682 1205 1752 necessitatem
1231 1683 1368 1753 babitu-

105 1797 180 1873 dinis
200 1805 331 1890 absque
356 1805 557 1875 necessitate
573 1806 800 1874 terminorum
815 1830 822 1884 ;
848 1828 956 1893 quare
972 1829 1039 1874 non
1060 1806 1123 1874 erit
1140 1806 1365 1896 distinguere,

105 1924 180 2003 quod
201 1927 310 2016 possit
334 1926 448 1997 dicere
472 1926 709 1998 necessitatem
736 1928 785 1998 sic
809 1929 860 1997 vel
887 1929 936 1999 sic
942 1983 1008 1996 .....
1038 1951 1055 1993 »

177 2051 312 2121 Desinit:
334 2073 352 2115 «
366 2051 413 2119 Ad
439 2051 473 2119 id
499 2063 614 2120 autem
629 2051 721 2137 quod
739 2052 859 2141 probat
876 2053 988 2141 ipsam
1006 2075 1081 2123 esse
1098 2074 1212 2120 veram
1229 2053 1365 2142 simpli-

103 2163 181 2254 citer,
205 2174 392 2244 dicendum
417 2175 509 2260 quod
544 2197 612 2244 non
649 2187 699 2245 est
732 2175 845 2245 simile
868 2176 911 2244 de
935 2198 1059 2265 genere
1083 2188 1115 2244 et
1139 2177 1181 2245 de
1212 2177 1366 2263 quolibet

103 2296 161 2362 loto
179 2298 374 2397 disjuncte,
401 2298 483 2384 quia
507 2320 617 2388 genus
642 2299 860 2388 praedicatur
888 2300 1116 2370 essentialiter
1141 2301 1183 2368 de
1207 2324 1246 2369 eo
1270 2302 1363 2387 quod

101 2405 202 2498 ¹'psum
224 2421 423 2511 participat:
450 2433 482 2490 et
505 2422 583 2490 idco
606 2434 737 2511 oportet
770 2423 923 2509 aliquam
958 2425 1108 2512 speciem
1133 2425 1209 2513 ejus
1234 2425 1276 2492 de
1304 2425 1365 2493 illo

97 2545 310 2615 essentialiter
333 2558 365 2615 et
388 2545 431 2613 de
455 2545 655 2616 necessitate
689 2546 893 2635 praedicari,
920 2567 1000 2615 cum
1027 2547 1158 2636 species
1183 2548 1225 2615 ad
1253 2548 1285 2614 id
1311 2571 1366 2618 cs-

98 2665 270 2737 Sentialiter
293 2682 533 2759 comparetur,
561 2669 603 2737 ad
627 2669 720 2754 quod
745 2692 854 2759 genus
878 2670 1107 2740 essentialiter
1131 2682 1364 2759 comparatur.

96 2773 133 2848 Si
153 2788 282 2878 aliquod
307 2802 416 2861 totum
441 2792 656 2882 disjunctum
691 2793 802 2872 inest,
830 2803 1068 2861 verumtamen
1093 2792 1267 2879 quaelibet
1292 2794 1368 2883 ejus

96 2913 171 2982 ears
190 2914 444 2985 accidentaliter
479 2916 568 2985 inest
604 2916 777 3005 subjecto;
816 2917 906 2986 sicut
939 2927 1055 3005 patet,
1091 2916 1134 2984 de
1167 2917 1368 2987 necessitate

96 3012 176 3104 inest
196 3037 383 3124 aliquando
408 3060 534 3109 sanum
558 3061 633 3109 esse
658 3038 708 3106 vel
733 3061 877 3129 aegrum
901 3061 987 3119 csse,
1017 3050 1253 3109 verumtamen
1272 3052 1368 3109 utra-

96 3161 157 3233 luc
178 3183 255 3250 pars
279 3162 368 3254 inest
390 3160 423 3230 ei
447 3161 701 3253 contingenter:
737 3175 770 3230 et
802 3143 908 3233 causa
940 3162 1048 3252 hujus
1072 3174 1139 3243 est,
1166 3163 1249 3248 quia
1274 3185 1367 3231 com-

96 3289 226 3355 Qaratur
250 3285 391 3372 aliquod
414 3284 630 3375 disjunctum
654 3286 697 3354 ad
723 3287 917 3377 subjectum
944 3300 982 3355 ut
1005 3287 1178 3356 accidens.

175 3410 256 3479 «ld
281 3410 376 3478 aliud
401 3409 588 3480 dicendum
614 3409 702 3480 sicut
726 3410 915 3480 dicebatur.
944 3417 982 3478 Et
1007 3411 1036 3480 si
1060 3410 1210 3500 objiciat,
1230 3410 1369 3478 contin-

96 3544 171 3620 gens
192 3535 295 3603 babet
318 3557 460 3604 causam
485 3555 546 3625 per
570 3557 625 3605 se:
653 3533 861 3615 dicendum,
887 3534 979 3620 quod
1005 3535 1107 3604 habet
1139 3556 1282 3604 causam
1308 3555 1369 3623 per

96 3672 141 3738 se,
168 3660 225 3729 sed
251 3680 320 3726 non
346 3659 459 3728 omnis
491 3656 597 3731 causa
630 3680 690 3748 per
715 3681 750 3729 se
775 3659 816 3727 de
841 3658 1044 3728 necessitate
1078 3657 1240 3748 producit
1265 3679 1369 3726 suum

96 3781 260 3863 ellectum3
288 3781 347 3852 sed
372 3782 542 3868 quaedam
566 3778 772 3861 necessaria,
800 3794 839 3851 ut
863 3791 998 3862 natura,
1026 3781 1197 3867 quaedam
1224 3802 1292 3848 non
1311 3803 1369 3848 ne-

96 3906 247 3989 tessaria,
273 3917 312 3973 ut
336 3926 441 3994 agens
467 3927 526 3994 per
550 3904 773 3985 voluntatem,
801 3905 890 3974 sicut
914 3903 1121 3972 intellectus.
1153 3926 1170 3967 »

172 4280 206 4346 8.
244 4279 359 4342 Tmcr.
394 4297 434 4343 on
466 4295 665 4344 nrcnomnns
696 4296 874 4353 nonauons
894 4274 1050 4364 possibile
1081 4295 1119 4340 nr
1150 4275 1368 4363 impossibile.

96 4399 223 4490 ncipit:
253 4396 411 4468 «Deinde
434 4399 612 4485 quaeritur
635 4399 727 4467 circa
750 4399 834 4470 istas
858 4398 1025 4468 dictiones
1040 4396 1194 4468 nrodales
1210 4398 1371 4488 possibile
