3022 4844
537 363 728 458 CAPUT
762 363 858 456 Vll.

197 705 368 799 specimen
396 707 624 801 quaestionum
652 680 735 801 quoe
763 706 901 780 detectis
929 726 1005 778 mss.
1036 705 1199 779 codicibus

521 869 676 960 perpetuo
704 867 882 940 uoluuntur.

117 1408 120 1413 .
144 1326 363 1440 Quamquam
391 1351 563 1444 plurimae
592 1352 661 1421 sint
686 1352 813 1449 diversi
832 1354 968 1444 generis
992 1353 1223 1440 quaestiones
1240 1322 1330 1440 quae

91 1498 148 1546 rea
169 1477 311 1567 scripta,
340 1488 435 1568 gesta
464 1488 498 1547 et
526 1458 720 1568 doctrinam
753 1478 929 1568 seraphici
972 1478 1145 1578 Ductoris,
1174 1478 1209 1546 iu
1245 1500 1333 1546 nova

88 1578 340 1692 ''ilnt'ejusdem
367 1624 512 1692 operum
534 1601 685 1672 editione
711 1601 960 1672 discutiendae:
984 1603 1129 1692 jamque
1151 1601 1279 1671 multas
1295 1624 1337 1671 ex

88 1721 128 1794 lis
154 1724 208 1795 vel
238 1747 334 1795 nunc
357 1737 449 1796 certo
472 1725 618 1795 definire
646 1747 796 1817 possem;
828 1726 917 1795 mihi
941 1738 1056 1796 tamen
1086 1726 1218 1807 multis,
1248 1748 1337 1813 quae

88 1847 103 1917 l
128 1850 224 1942 ipsas
248 1850 429 1927 solvendas
458 1850 593 1941 collegi,
620 1850 848 1933 documentis,
880 1851 936 1920 hic
960 1852 1012 1921 uti
1041 1875 1120 1929 non¹
1141 1852 1231 1920 licet.
1249 1856 1338 1933 Qua-

88 1986 199 2065 ropter
220 1974 347 2044 horum
363 1973 581 2044 solummodo
596 1974 772 2066 specimen
789 1974 846 2042 hic
869 1975 1025 2064 praebeo,
1045 1975 1151 2044 trium
1173 1973 1332 2043 videlicet

88 2099 313 2179 camdenum,
331 2120 420 2185 quae
431 2120 495 2190 ope
511 2099 830 2188 manuscriptorum
844 2098 1056 2177 detectorum
1072 2098 1119 2167 ita
1135 2097 1327 2180 solvuntur,

88 2232 101 2290 ι
127 2244 284 2309 unquam
307 2221 471 2313 deinceps
492 2244 612 2292 earum
638 2221 772 2305 solutio,
786 2221 821 2289 in
840 2221 988 2290 dubium
1017 2221 1168 2292 revocari
1192 2222 1312 2312 possit.

147 2347 263 2416 Prima
285 2346 402 2419 ueniat
432 2368 521 2434 quae
556 2347 694 2416 brevem
719 2345 859 2437 respicit
893 2346 1147 2437 Expositionem
1184 2347 1220 2415 in
1257 2346 1338 2415 uni-

88 2491 174 2539 ersos
201 2470 306 2540 David
329 2470 495 2551 Psalmos,
522 2471 625 2561 cujus
650 2469 815 2560 praefatio
837 2470 978 2560 incipit:
1005 2472 1162 2561 Quisquis
1186 2471 1231 2539 ud
1245 2471 1334 2539 divi-

88 2616 126 2663 ae
149 2597 298 2685 popinae
323 2596 494 2664 lectionem
518 2596 722 2664 erudiendus
747 2594 888 2663 aceedit.
916 2597 1010 2684 Opus
1037 2616 1117 2663 vero
1143 2593 1334 2662 exorditur:

88 2728 180 2788 'culus
194 2721 249 2788 vir
271 2721 334 2810 qui
347 2742 413 2789 uon
434 2719 519 2789 obito
538 2720 574 2787 in
589 2712 726 2788 coasilio
750 2719 945 2808 impiorum.
971 2723 1076 2786 Homo
1093 2716 1226 2808 quaudo
1243 2719 1333 2806 eopi-

88 2844 213 2911 rtionem
240 2866 339 2912 suom
364 2843 410 2912 acl
433 2853 567 2912 terrena
590 2842 708 2932 flectit,
741 2842 902 2932 cupatrio
930 2842 966 2910 cio
991 2843 1138 2910 omilium
1161 2842 1270 2911 ondit.
1299 2845 1338 2909 ut

91 2986 160 3033 uem
176 2966 302 3056 accipit
316 2988 337 3034 a
352 2966 597 3053 sequentibus:
614 2969 696 3036 Solu
722 2967 812 3033 enim
834 2967 1091 3056 perseverantia
1113 2966 1236 3055 occipit
1253 2966 1329 3033 bra-

88 3088 159 3158 ium.
189 3094 212 3159 l
244 3089 409 3160 Romanis
432 3089 546 3181 primo
585 3089 786 3159 editoribus·
805 3109 910 3170 cusa,
944 3088 988 3157 ad
1019 3109 1179 3156 normam
1210 3087 1333 3156 veteris

88 3213 257 3304 xemplaris
288 3236 328 3282 ex
358 3213 518 3283 Hetruria
542 3211 656 3294 allati,
689 3224 722 3282 et
746 3212 838 3281 Sixto
880 3211 1037 3280 Pontifici
1069 3211 1215 3280 Maximo
1247 3222 1336 3279 tam·-

89 3354 159 3404 uam
187 3337 406 3429 praeclarum
437 3359 568 3409 munus
596 3336 715 3418 oblati,
742 3334 859 3406 locum
889 3335 969 3405 dein
1001 3335 1124 3404 habuit
1153 3335 1189 3402 in
1219 3334 1335 3404 omni-

88 3476 134 3539 us,
157 3483 244 3548 quae
273 3461 478 3530 subsecutae
508 3472 601 3543 sunt,
643 3482 788 3550 operum
826 3458 995 3528 omnium¹
1014 3463 1047 3527 S.
1074 3464 1331 3529 bonaventurae

89 3578 276 3655 ditionibus.
302 3590 407 3655 Nemo
423 3607 463 3655 ex
481 3585 704 3665 nostratibus,
737 3595 770 3675 et
792 3605 903 3670 neque
933 3605 974 3651 er
1002 3582 1137 3663 exteris,
1172 3582 1200 3650 si
1227 3588 1332 3650 Vene-

88 3718 112 3768 b
128 3709 271 3780 editores
293 3709 456 3800 excipiam,
474 3722 508 3780 et
523 3731 581 3779 eos
596 3709 701 3779 etiam
725 3709 785 3794 qui
801 3709 845 3777 ab
870 3707 956 3798 ipsis
976 3729 1077 3776 coeca
1096 3705 1165 3774 lide
1191 3717 1331 3774 sentcn-

88 3817 137 3899 lbm
159 3833 309 3903 mutuati
332 3845 425 3914 suut,
448 3833 486 3901 iu
516 3832 664 3902 dubium
684 3809 869 3912 revocavit,
897 3831 1109 3920 praedictam
1137 3829 1326 3918 Expositio-

92 3966 140 4023 em
177 3956 376 4047 legitimum
410 3978 484 4026 esse
517 3948 647 4025 foetum·
682 3961 715 4025 S.
749 3962 1020 4024 bonaventurae.
1069 3952 1185 4020 Veneti
1220 3964 1335 4021 autem
1419 4041 1423 4047 Ι

88 4065 200 4151 'litores
228 4080 351 4150 eadem
374 4079 542 4177 facilitate¹
559 4104 628 4168 qua
652 4081 844 4149 certissima
871 4101 976 4169 opera
992 4077 1144 4146 Doctoris
1164 4077 1272 4145 nostri
1290 4076 1335 4145 ad

88 4206 173 4275 luria
200 4205 418 4295 ablegarunt,
440 4204 544 4274 etiam
565 4204 761 4274 adulterina
784 4204 896 4272 eidem
920 4202 1129 4271 tribuerunt.
1148 4199 1244 4269 Unde
1268 4200 1336 4290 ipsi

88 4322 159 4399 lem
187 4342 366 4399 merentur
393 4351 535 4420 parvam
571 4329 665 4420 apud
689 4351 859 4415 eosquos
897 4349 966 4396 non
994 4326 1116 4407 lateat,
1143 4323 1336 4394 rationibus
