3022 4844
525 483 713 578 CAPUT
769 485 884 578 Vlll.

167 738 186 789 ἱ

136 887 271 979 opera
315 888 515 982 quaedam
557 889 708 962 mutila
749 890 888 963 Sancti
929 892 1255 973 Bonaoeniurce,

349 1065 431 1141 quoe
459 1046 602 1121 inuentis
629 1048 864 1142 manuscriptis
891 1050 1054 1123 codicibus

596 1209 808 1302 complentur.

145 2226 322 2294 Sermones
356 2223 396 2293 de
429 2234 555 2315 septem
579 2224 674 2293 donis
697 2226 845 2316 Spiritus
870 2227 998 2308 Sancti,
1027 2246 1114 2313 quos
1147 2239 1243 2318 peter
1276 2232 1339 2299 Bo-

57 2347 143 2418 nelli
167 2347 206 2417 in
232 2347 469 2439 supplementi
492 2359 583 2418 torno
608 2349 705 2419 tertio
729 2372 750 2418 a
772 2349 837 2418 col.
864 2355 930 2419 llll
954 2349 997 2418 ad
1022 2356 1109 2433 lei,
1135 2352 1243 2422 unius
1268 2363 1342 2423 tan·

56 2484 134 2543 tum
159 2470 292 2541 codicis
315 2494 403 2563 ope,
429 2495 450 2541 a
472 2483 569 2563 patre
591 2479 725 2543 Jeanne
748 2473 942 2564 Hyacintho
974 2474 1136 2544 Sbaralea
1170 2475 1209 2544 in
1243 2477 1344 2547 tabu-

10 2662 12 2667 .
61 2596 150 2667 lario
182 2596 347 2667 Asisiensi
378 2597 527 2688 reperti,
553 2597 691 2689 primus
723 2598 849 2680 edidit,
876 2622 965 2689 opus
996 2599 1213 2669 constituunt
1244 2601 1345 2671 valde

10 2750 13 2759 ·
59 2720 231 2791 mutilum
263 2721 373 2791 tribus
406 2721 449 2791 de
477 2722 604 2792 causis.
637 2722 752 2791 Primo
785 2722 971 2805 nimirum,
1004 2722 1087 2810 quia
1119 2722 1189 2793 non
1222 2746 1344 2796 ornnes

57 2844 164 2917 refert
187 2867 364 2925 sermones
386 2858 419 2916 et
441 2846 641 2917 collationes
666 2847 719 2939 {de
743 2858 873 2939 septem
898 2848 999 2917 donis
1025 2847 1173 2938 Spiritus
1200 2849 1341 2932 Sancti,

55 2994 77 3041 a
114 2975 151 3041 S.
187 2976 425 3041 Beneuentum
459 2984 612 3063 ternpore
645 2971 940 3064 quadragesimali
974 2971 1123 3044 habitos.
1157 2972 1341 3056 Secundo,

55 3095 142 3183 quia
166 3116 343 3165 sermones
365 3094 473 3178 editi,
499 3097 638 3166 exordio
662 3107 791 3166 carent.
828 3096 938 3166 Tertio
972 3096 1079 3184 quia,
1111 3094 1180 3166 etsi'
1204 3097 1344 3168 exordio

55 3241 129 3289 non
154 3230 334 3302 carerent,
362 3219 478 3290 adhuc
503 3232 616 3290 tamen
650 3220 750 3290 valde
781 3221 1024 3291 contractiores
1049 3198 1155 3304 sunt,
1187 3242 1294 3309 quam
1322 3244 1344 3292 a
1434 3204 1437 3209 ⁵

55 3348 90 3415 S.
117 3344 359 3413 Beneventur'a
381 3344 491 3415 hahiti
505 3367 574 3415 non
590 3344 705 3428 modo,
722 3345 959 3415 verumetiam
974 3367 1080 3432 quam
1100 3345 1136 3413 in
1161 3345 1240 3415 aliis
1255 3368 1340 3416 mss.

54 3467 241 3538 codicibus
263 3467 489 3538 inveniuntur
511 3468 688 3560 descripti.
715 3474 779 3538 Eos
803 3468 977 3556 siquidem
1003 3481 1072 3539 tam
1101 3469 1342 3560 completiones

50 3603 87 3663 et
109 3590 261 3661 fusiores
283 3613 347 3683 ego
370 3593 494 3684 reperi,
521 3604 561 3663 ut
582 3592 665 3663 editi
690 3616 711 3662 a
734 3592 892 3675 Bonelli,
919 3592 974 3662 vix
999 3592 1183 3662 dimidiam
1207 3604 1342 3684 partem

49 3715 208 3787 reserant
229 3716 416 3799 materiae,
441 3740 548 3805 quam
572 3739 635 3786 nos
659 3716 774 3807 daturi
809 3739 933 3786 sumus
957 3716 993 3785 in
1025 3740 1115 3787 nova
1137 3717 1341 3787 eorumdem

46 3838 218 3911 editione.
246 3843 332 3909 Sunt
355 3841 448 3909 enim
472 3840 509 3910 in
533 3840 674 3910 detectis
698 3863 782 3910 mss.
809 3840 988 3910 codicibus
1021 3863 1167 3910 numero
1191 3840 1336 3931 plures,

47 3962 277 4045 fusioreS‚.‚et
298 3963 478 4047 exordium
503 3964 635 4055 singuli
667 3963 908 4054 praeferentes.
937 3962 1034 4046 Quod
1058 3976 1098 4033 ut
1121 3975 1259 4055 pateat,
1286 3954 1342 4034 eo-

47 4106 139 4157 rum
167 4084 365 4187 indiculum
398 4097 449 4157 ter
481 4087 629 4170 damus,
656 4098 760 4178 prout
792 4087 923 4157 scilicet
954 4086 1061 4156 iidem
1094 4087 1268 4157 habentur
1304 4088 1341 4156 in

50 4208 332 4303 supplemento,
351 4202 416 4281 ¹'in
455 4212 574 4283 codice
608 4212 762 4300 quodam
806 4211 962 4295 Gallico,
1016 4222 1048 4281 et
1087 4211 1123 4280 in
1167 4211 1234 4281 elio
1273 4216 1340 4281 An-

50 4332 210 4425 glicano.
