<?xml version="1.0" encoding="UTF-8"?>
<!DOCTYPE html PUBLIC "-//W3C//DTD XHTML 1.0 Transitional//EN"
    "http://www.w3.org/TR/xhtml1/DTD/xhtml1-transitional.dtd">
<html xmlns="http://www.w3.org/1999/xhtml" xml:lang="en" lang="en">
 <head>
  <title>
</title>
<meta http-equiv="Content-Type" content="text/html;charset=utf-8" />
  <meta name='ocr-system' content='tesseract 3.04.00' />
  <meta name='ocr-capabilities' content='ocr_page ocr_carea ocr_par ocr_line ocrx_word'/>
</head>
<body>
  <div class='ocr_page' id='page_1' title='image "./rationovaecolle00fanngoog_0318.png"; bbox 0 0 3022 4844; ppageno 0'>
   <div class='ocr_carea' id='block_1_1' title="bbox 95 252 1343 3685">
    <p class='ocr_par' dir='ltr' id='par_1_1' title="bbox 515 252 764 332">
     <span class='ocr_line' id='line_1_1' title="bbox 515 252 764 332; baseline 0 -1"><span class='ocrx_word' id='word_1_1' title='bbox 515 260 518 265; x_wconf 79' lang='grc'><strong>’</strong></span> <span class='ocrx_word' id='word_1_2' title='bbox 563 252 609 313; x_wconf 79' lang='lat'>.·&#39;;.</span> <span class='ocrx_word' id='word_1_3' title='bbox 630 266 690 332; x_wconf 76' lang='lat' dir='ltr'><strong>29l</strong></span> <span class='ocrx_word' id='word_1_4' title='bbox 719 299 764 310; x_wconf 93' lang='lat'><em>-</em></span> 
     </span>
    </p>

    <p class='ocr_par' dir='ltr' id='par_1_2' title="bbox 96 396 1305 1970">
     <span class='ocr_line' id='line_1_2' title="bbox 98 396 1293 488; baseline 0.001 -22"><span class='ocrx_word' id='word_1_5' title='bbox 98 404 131 474; x_wconf 90' lang='lat' dir='ltr'><strong>.it</strong></span> <span class='ocrx_word' id='word_1_6' title='bbox 165 414 235 472; x_wconf 90' lang='lat' dir='ltr'><strong>tres</strong></span> <span class='ocrx_word' id='word_1_7' title='bbox 267 400 354 472; x_wconf 90' lang='lat' dir='ltr'><strong>alios</strong></span> <span class='ocrx_word' id='word_1_8' title='bbox 389 399 574 471; x_wconf 81' lang='lat' dir='ltr'>anecdotos</span> <span class='ocrx_word' id='word_1_9' title='bbox 608 420 785 470; x_wconf 81' lang='lat' dir='ltr'>sermones</span> <span class='ocrx_word' id='word_1_10' title='bbox 815 401 1073 467; x_wconf 91' lang='lat' dir='ltr'><strong>Bonaventurae</strong></span> <span class='ocrx_word' id='word_1_11' title='bbox 1096 396 1293 488; x_wconf 75' lang='lat' dir='ltr'><strong>inscriptos</strong></span> 
     </span>
     <span class='ocr_line' id='line_1_3' title="bbox 97 519 1291 612; baseline -0.006 -17"><span class='ocrx_word' id='word_1_12' title='bbox 97 527 174 595; x_wconf 90' lang='lat' dir='ltr'><strong>licet</strong></span> <span class='ocrx_word' id='word_1_13' title='bbox 201 524 245 595; x_wconf 92' lang='lat' dir='ltr'><strong>de</strong></span> <span class='ocrx_word' id='word_1_14' title='bbox 272 524 436 595; x_wconf 90' lang='lat' dir='ltr'><strong>omnihus</strong></span> <span class='ocrx_word' id='word_1_15' title='bbox 460 522 614 604; x_wconf 87' lang='lat' dir='ltr'><strong>Sanctis,</strong></span> <span class='ocrx_word' id='word_1_16' title='bbox 640 520 683 591; x_wconf 92' lang='lat' dir='ltr'><strong>de</strong></span> <span class='ocrx_word' id='word_1_17' title='bbox 705 519 843 612; x_wconf 79' lang='lat' dir='ltr'><strong>Angelis</strong></span> <span class='ocrx_word' id='word_1_18' title='bbox 875 540 915 588; x_wconf 87' lang='lat' dir='ltr'><strong>ac</strong></span> <span class='ocrx_word' id='word_1_19' title='bbox 948 519 990 588; x_wconf 93' lang='lat' dir='ltr'><strong>de</strong></span> <span class='ocrx_word' id='word_1_20' title='bbox 1023 523 1056 588; x_wconf 89' lang='lat' dir='ltr'><strong>S.</strong></span> <span class='ocrx_word' id='word_1_21' title='bbox 1095 519 1291 590; x_wconf 82' lang='lat' dir='ltr'><strong>Francisco.</strong></span> 
     </span>
     <span class='ocr_line' id='line_1_4' title="bbox 97 644 1303 739; baseline -0.004 -21"><span class='ocrx_word' id='word_1_22' title='bbox 97 672 135 719; x_wconf 87' lang='grc' dir='ltr'><strong>,1ο</strong></span> <span class='ocrx_word' id='word_1_23' title='bbox 158 649 202 718; x_wconf 95' lang='lat' dir='ltr'><strong>de</strong></span> <span class='ocrx_word' id='word_1_24' title='bbox 224 649 361 739; x_wconf 78' lang='lat' dir='ltr'><strong>Angelis</strong></span> <span class='ocrx_word' id='word_1_25' title='bbox 384 648 432 717; x_wconf 93' lang='lat' dir='ltr'><strong>ita</strong></span> <span class='ocrx_word' id='word_1_26' title='bbox 455 644 650 716; x_wconf 83' lang='lat' dir='ltr'>exorditur:</span> <span class='ocrx_word' id='word_1_27' title='bbox 688 667 707 710; x_wconf 89' lang='lat'>«</span> <span class='ocrx_word' id='word_1_28' title='bbox 731 644 870 734; x_wconf 77' lang='lat' dir='ltr'><strong>Angelis</strong></span> <span class='ocrx_word' id='word_1_29' title='bbox 897 644 968 712; x_wconf 82' lang='lat' dir='ltr'><strong>suis</strong></span> <span class='ocrx_word' id='word_1_30' title='bbox 997 647 1084 712; x_wconf 81' lang='lat' dir='ltr'><strong>Deus</strong></span> <span class='ocrx_word' id='word_1_31' title='bbox 1119 644 1303 713; x_wconf 69' lang='lat' dir='ltr'><strong>monetavit</strong></span> 
     </span>
     <span class='ocr_line' id='line_1_5' title="bbox 99 767 1297 858; baseline -0.006 -15"><span class='ocrx_word' id='word_1_32' title='bbox 99 784 180 843; x_wconf 82' lang='lat' dir='ltr'><strong>eut</strong></span> <span class='ocrx_word' id='word_1_33' title='bbox 203 773 391 842; x_wconf 82' lang='lat' dir='ltr'><strong>custodiant</strong></span> <span class='ocrx_word' id='word_1_34' title='bbox 429 781 460 839; x_wconf 88' lang='lat' dir='ltr'>te</span> <span class='ocrx_word' id='word_1_35' title='bbox 492 772 529 840; x_wconf 87' lang='lat' dir='ltr'><strong>in</strong></span> <span class='ocrx_word' id='word_1_36' title='bbox 564 769 716 839; x_wconf 81' lang='lat' dir='ltr'><strong>omnibus</strong></span> <span class='ocrx_word' id='word_1_37' title='bbox 747 770 812 837; x_wconf 83' lang='lat' dir='ltr'><strong>viis</strong></span> <span class='ocrx_word' id='word_1_38' title='bbox 848 769 919 836; x_wconf 82' lang='lat' dir='ltr'><strong>scis</strong></span> <span class='ocrx_word' id='word_1_39' title='bbox 950 767 1012 858; x_wconf 88' lang='lat' dir='ltr'><strong>(l).</strong></span> <span class='ocrx_word' id='word_1_40' title='bbox 1049 767 1154 837; x_wconf 81' lang='lat' dir='ltr'><strong>Labie</strong></span> <span class='ocrx_word' id='word_1_41' title='bbox 1182 790 1297 837; x_wconf 83' lang='lat' dir='ltr'><strong>sacer-</strong></span> 
     </span>
     <span class='ocr_line' id='line_1_6' title="bbox 97 890 1298 983; baseline -0.002 -19"><span class='ocrx_word' id='word_1_42' title='bbox 97 922 104 964; x_wconf 76' lang='grc'>1</span> <span class='ocrx_word' id='word_1_43' title='bbox 143 896 334 966; x_wconf 81' lang='lat' dir='ltr'><strong>custodiunt</strong></span> <span class='ocrx_word' id='word_1_44' title='bbox 373 895 549 963; x_wconf 82' lang='lat' dir='ltr'><strong>scientiam</strong></span> <span class='ocrx_word' id='word_1_45' title='bbox 590 892 653 983; x_wconf 71' lang='lat'><strong>(2).</strong></span> <span class='ocrx_word' id='word_1_46' title='bbox 689 890 888 962; x_wconf 89' lang='lat' dir='ltr'><strong>Ostenditur</strong></span> <span class='ocrx_word' id='word_1_47' title='bbox 937 891 1037 961; x_wconf 91' lang='lat' dir='ltr'><strong>nobis</strong></span> <span class='ocrx_word' id='word_1_48' title='bbox 1069 891 1105 960; x_wconf 90' lang='lat' dir='ltr'><strong>in</strong></span> <span class='ocrx_word' id='word_1_49' title='bbox 1140 892 1205 962; x_wconf 93' lang='lat' dir='ltr'><strong>hoc</strong></span> <span class='ocrx_word' id='word_1_50' title='bbox 1243 913 1298 961; x_wconf 91' lang='lat' dir='ltr'><strong>se-</strong></span> 
     </span>
     <span class='ocr_line' id='line_1_7' title="bbox 97 1015 1293 1106; baseline -0.004 -18"><span class='ocrx_word' id='word_1_51' title='bbox 97 1019 132 1089; x_wconf 89' lang='lat' dir='ltr'><strong>lo</strong></span> <span class='ocrx_word' id='word_1_52' title='bbox 155 1019 259 1089; x_wconf 90' lang='lat' dir='ltr'><strong>verbo</strong></span> <span class='ocrx_word' id='word_1_53' title='bbox 278 1072 399 1085; x_wconf 91' lang='lat'><strong>.....</strong></span> <span class='ocrx_word' id='word_1_54' title='bbox 425 1015 626 1086; x_wconf 73' lang='lat' dir='ltr'>excellentia</span> <span class='ocrx_word' id='word_1_55' title='bbox 649 1037 879 1106; x_wconf 92' lang='lat' dir='ltr'><strong>supernorum</strong></span> <span class='ocrx_word' id='word_1_56' title='bbox 911 1015 1099 1105; x_wconf 86' lang='lat' dir='ltr'><strong>spirituum</strong></span> <span class='ocrx_word' id='word_1_57' title='bbox 1123 1027 1293 1103; x_wconf 91' lang='lat' dir='ltr'><strong>quantum</strong></span> 
     </span>
     <span class='ocr_line' id='line_1_8' title="bbox 98 1139 1298 1232; baseline -0.003 -21"><span class='ocrx_word' id='word_1_58' title='bbox 98 1143 182 1212; x_wconf 91' lang='lat' dir='ltr'><strong>duo:</strong></span> <span class='ocrx_word' id='word_1_59' title='bbox 221 1141 335 1232; x_wconf 92' lang='lat' dir='ltr'><strong>primo</strong></span> <span class='ocrx_word' id='word_1_60' title='bbox 369 1150 539 1227; x_wconf 91' lang='lat' dir='ltr'><strong>quantum</strong></span> <span class='ocrx_word' id='word_1_61' title='bbox 573 1139 615 1208; x_wconf 91' lang='lat' dir='ltr'><strong>ad</strong></span> <span class='ocrx_word' id='word_1_62' title='bbox 651 1139 861 1210; x_wconf 89' lang='lat' dir='ltr'><strong>charismata</strong></span> <span class='ocrx_word' id='word_1_63' title='bbox 898 1139 1112 1230; x_wconf 87' lang='lat' dir='ltr'><strong>gratiarum,</strong></span> <span class='ocrx_word' id='word_1_64' title='bbox 1147 1139 1298 1209; x_wconf 90' lang='lat' dir='ltr'><strong>seeundo</strong></span> 
     </span>
     <span class='ocr_line' id='line_1_9' title="bbox 97 1262 1294 1354; baseline -0.002 -20"><span class='ocrx_word' id='word_1_65' title='bbox 97 1279 189 1336; x_wconf 89' lang='lat' dir='ltr'><strong>ntum</strong></span> <span class='ocrx_word' id='word_1_66' title='bbox 213 1265 256 1333; x_wconf 93' lang='lat' dir='ltr'><strong>ad</strong></span> <span class='ocrx_word' id='word_1_67' title='bbox 280 1264 440 1334; x_wconf 82' lang='lat' dir='ltr'><strong>exercitia</strong></span> <span class='ocrx_word' id='word_1_68' title='bbox 461 1264 674 1333; x_wconf 90' lang='lat' dir='ltr'><strong>meritorum.</strong></span> <span class='ocrx_word' id='word_1_69' title='bbox 694 1262 850 1333; x_wconf 91' lang='lat' dir='ltr'><strong>Primum</strong></span> <span class='ocrx_word' id='word_1_70' title='bbox 874 1262 1027 1354; x_wconf 83' lang='lat' dir='ltr'><strong>tangitur</strong></span> <span class='ocrx_word' id='word_1_71' title='bbox 1050 1283 1132 1333; x_wconf 87' lang='lat' dir='ltr'><strong>cum</strong></span> <span class='ocrx_word' id='word_1_72' title='bbox 1156 1262 1294 1343; x_wconf 88' lang='lat' dir='ltr'><strong>dieitur,</strong></span> 
     </span>
     <span class='ocr_line' id='line_1_10' title="bbox 99 1384 1303 1466; baseline -0.003 -9"><span class='ocrx_word' id='word_1_73' title='bbox 99 1391 157 1458; x_wconf 70' lang='lat' dir='ltr'><strong>elis</strong></span> <span class='ocrx_word' id='word_1_74' title='bbox 185 1390 256 1457; x_wconf 80' lang='lat' dir='ltr'><strong>ruis</strong></span> <span class='ocrx_word' id='word_1_75' title='bbox 284 1387 459 1457; x_wconf 82' lang='lat' dir='ltr'><strong>mandevit</strong></span> <span class='ocrx_word' id='word_1_76' title='bbox 487 1388 527 1456; x_wconf 87' lang='lat' dir='ltr'><strong>de</strong></span> <span class='ocrx_word' id='word_1_77' title='bbox 557 1398 611 1457; x_wconf 89' lang='lat' dir='ltr'>te:</span> <span class='ocrx_word' id='word_1_78' title='bbox 646 1384 840 1456; x_wconf 92' lang='lat' dir='ltr'><strong>secundum</strong></span> <span class='ocrx_word' id='word_1_79' title='bbox 880 1407 962 1455; x_wconf 91' lang='lat' dir='ltr'><strong>cum</strong></span> <span class='ocrx_word' id='word_1_80' title='bbox 994 1385 1143 1466; x_wconf 91' lang='lat' dir='ltr'><strong>dicitur,</strong></span> <span class='ocrx_word' id='word_1_81' title='bbox 1178 1397 1216 1455; x_wconf 81' lang='lat' dir='ltr'><strong>ut</strong></span> <span class='ocrx_word' id='word_1_82' title='bbox 1244 1409 1303 1453; x_wconf 82' lang='lat' dir='ltr'><strong>ea-</strong></span> 
     </span>
     <span class='ocr_line' id='line_1_11' title="bbox 98 1507 1301 1600; baseline -0.003 -21"><span class='ocrx_word' id='word_1_83' title='bbox 98 1514 165 1580; x_wconf 86' lang='lat' dir='ltr'><strong>iont</strong></span> <span class='ocrx_word' id='word_1_84' title='bbox 192 1522 223 1580; x_wconf 92' lang='lat' dir='ltr'>te</span> <span class='ocrx_word' id='word_1_85' title='bbox 248 1521 309 1580; x_wconf 88' lang='lat' dir='ltr'><strong>etc.</strong></span> <span class='ocrx_word' id='word_1_86' title='bbox 335 1510 554 1600; x_wconf 68' lang='lat' dir='ltr'><strong>»JSermonis</strong></span> <span class='ocrx_word' id='word_1_87' title='bbox 589 1509 632 1578; x_wconf 94' lang='lat' dir='ltr'><strong>de</strong></span> <span class='ocrx_word' id='word_1_88' title='bbox 664 1509 827 1579; x_wconf 90' lang='lat' dir='ltr'><strong>omnibus</strong></span> <span class='ocrx_word' id='word_1_89' title='bbox 864 1507 997 1579; x_wconf 87' lang='lat' dir='ltr'><strong>Sanctis</strong></span> <span class='ocrx_word' id='word_1_90' title='bbox 1027 1508 1167 1578; x_wconf 91' lang='lat' dir='ltr'><strong>initium</strong></span> <span class='ocrx_word' id='word_1_91' title='bbox 1191 1518 1223 1578; x_wconf 92' lang='lat' dir='ltr'>et</span> <span class='ocrx_word' id='word_1_92' title='bbox 1247 1507 1301 1576; x_wconf 94' lang='lat' dir='ltr'><strong>di-</strong></span> 
     </span>
     <span class='ocr_line' id='line_1_12' title="bbox 97 1633 1305 1733; baseline -0.002 -31"><span class='ocrx_word' id='word_1_93' title='bbox 97 1656 106 1702; x_wconf 86' lang='grc'><strong>)</strong></span> <span class='ocrx_word' id='word_1_94' title='bbox 135 1634 409 1723; x_wconf 65' lang='lat' dir='ltr'><strong>hislhabentur:</strong></span> <span class='ocrx_word' id='word_1_95' title='bbox 450 1639 519 1722; x_wconf 72' lang='lat' dir='ltr'><strong>ligo</strong></span> <span class='ocrx_word' id='word_1_96' title='bbox 545 1639 691 1703; x_wconf 82' lang='lat' dir='ltr'><strong>Joonnes</strong></span> <span class='ocrx_word' id='word_1_97' title='bbox 725 1634 800 1701; x_wconf 85' lang='lat' dir='ltr'><strong>eidi</strong></span> <span class='ocrx_word' id='word_1_98' title='bbox 841 1635 1014 1733; x_wconf 81' lang='lat' dir='ltr'><strong>civitatem</strong></span> <span class='ocrx_word' id='word_1_99' title='bbox 1051 1643 1205 1702; x_wconf 84' lang='lat' dir='ltr'><strong>sanctam</strong></span> <span class='ocrx_word' id='word_1_100' title='bbox 1247 1633 1305 1700; x_wconf 81' lang='lat' dir='ltr'>Je-</span> 
     </span>
     <span class='ocr_line' id='line_1_13' title="bbox 96 1756 1304 1846; baseline -0.002 -20"><span class='ocrx_word' id='word_1_101' title='bbox 96 1761 167 1826; x_wconf 80' lang='lat' dir='ltr'><strong>ilem</strong></span> <span class='ocrx_word' id='word_1_102' title='bbox 202 1780 324 1826; x_wconf 84' lang='lat' dir='ltr'><strong>nocam</strong></span> <span class='ocrx_word' id='word_1_103' title='bbox 364 1758 612 1826; x_wconf 79' lang='lat' dir='ltr'><strong>descendentem</strong></span> <span class='ocrx_word' id='word_1_104' title='bbox 651 1756 692 1825; x_wconf 90' lang='lat' dir='ltr'><strong>de</strong></span> <span class='ocrx_word' id='word_1_105' title='bbox 732 1759 821 1825; x_wconf 86' lang='lat' dir='ltr'><strong>coelo</strong></span> <span class='ocrx_word' id='word_1_106' title='bbox 858 1780 880 1824; x_wconf 87' lang='lat' dir='ltr'><strong>a</strong></span> <span class='ocrx_word' id='word_1_107' title='bbox 916 1761 982 1825; x_wconf 87' lang='lat' dir='ltr'><strong>Deo</strong></span> <span class='ocrx_word' id='word_1_108' title='bbox 1017 1767 1178 1846; x_wconf 83' lang='lat' dir='ltr'><strong>paratam</strong></span> <span class='ocrx_word' id='word_1_109' title='bbox 1214 1759 1304 1825; x_wconf 84' lang='lat' dir='ltr'><strong>sieut</strong></span> 
     </span>
     <span class='ocr_line' id='line_1_14' title="bbox 96 1879 1298 1970; baseline -0.002 -21"><span class='ocrx_word' id='word_1_110' title='bbox 96 1904 174 1949; x_wconf 82' lang='lat' dir='ltr'><strong>nom</strong></span> <span class='ocrx_word' id='word_1_111' title='bbox 201 1890 357 1949; x_wconf 82' lang='lat' dir='ltr'><strong>ornatam</strong></span> <span class='ocrx_word' id='word_1_112' title='bbox 383 1882 456 1949; x_wconf 82' lang='lat' dir='ltr'><strong>vim</strong></span> <span class='ocrx_word' id='word_1_113' title='bbox 483 1903 556 1949; x_wconf 82' lang='lat' dir='ltr'><strong>suo.</strong></span> <span class='ocrx_word' id='word_1_114' title='bbox 589 1883 691 1970; x_wconf 89' lang='lat' dir='ltr'><strong>Apoc.</strong></span> <span class='ocrx_word' id='word_1_115' title='bbox 730 1884 784 1959; x_wconf 75' lang='grc'><strong>21,</strong></span> <span class='ocrx_word' id='word_1_116' title='bbox 822 1884 855 1947; x_wconf 74' lang='grc'><strong>2.</strong></span> <span class='ocrx_word' id='word_1_117' title='bbox 892 1881 1069 1970; x_wconf 77' lang='lat' dir='ltr'><strong>Sapientia</strong></span> <span class='ocrx_word' id='word_1_118' title='bbox 1106 1879 1298 1967; x_wconf 79' lang='lat' dir='ltr'><strong>aedificavit</strong></span> 
     </span>
    </p>

    <p class='ocr_par' dir='ltr' id='par_1_3' title="bbox 96 2001 1343 2965">
     <span class='ocr_line' id='line_1_15' title="bbox 113 2001 1298 2092; baseline -0.003 -20"><span class='ocrx_word' id='word_1_119' title='bbox 113 2005 244 2073; x_wconf 83' lang='lat' dir='ltr'><strong>domum</strong></span> <span class='ocrx_word' id='word_1_120' title='bbox 266 2002 329 2092; x_wconf 84' lang='lat'><strong>(3).</strong></span> <span class='ocrx_word' id='word_1_121' title='bbox 356 2008 396 2071; x_wconf 94' lang='lat' dir='ltr'><strong>In</strong></span> <span class='ocrx_word' id='word_1_122' title='bbox 420 2003 522 2072; x_wconf 89' lang='lat' dir='ltr'><strong>verbo</strong></span> <span class='ocrx_word' id='word_1_123' title='bbox 555 2002 620 2072; x_wconf 94' lang='lat' dir='ltr'><strong>isto</strong></span> <span class='ocrx_word' id='word_1_124' title='bbox 652 2002 775 2072; x_wconf 85' lang='lat' dir='ltr'><strong>ultimo</strong></span> <span class='ocrx_word' id='word_1_125' title='bbox 808 2001 1015 2072; x_wconf 85' lang='lat' dir='ltr'><strong>describitur</strong></span> <span class='ocrx_word' id='word_1_126' title='bbox 1050 2001 1298 2092; x_wconf 89' lang='lat' dir='ltr'><strong>praedicatoris</strong></span> 
     </span>
     <span class='ocr_line' id='line_1_16' title="bbox 96 2125 1304 2215; baseline 0.001 -23"><span class='ocrx_word' id='word_1_127' title='bbox 96 2126 215 2194; x_wconf 67' lang='lat' dir='ltr'><strong>rium...</strong></span> <span class='ocrx_word' id='word_1_128' title='bbox 242 2131 313 2215; x_wconf 78' lang='lat' dir='ltr'><strong>Epo</strong></span> <span class='ocrx_word' id='word_1_129' title='bbox 336 2131 481 2196; x_wconf 75' lang='lat' dir='ltr'><strong>loannes</strong></span> <span class='ocrx_word' id='word_1_130' title='bbox 509 2138 569 2196; x_wconf 89' lang='lat' dir='ltr'><strong>etc.</strong></span> <span class='ocrx_word' id='word_1_131' title='bbox 602 2132 641 2195; x_wconf 93' lang='lat' dir='ltr'><strong>In</strong></span> <span class='ocrx_word' id='word_1_132' title='bbox 677 2126 790 2195; x_wconf 90' lang='lat' dir='ltr'><strong>verbis</strong></span> <span class='ocrx_word' id='word_1_133' title='bbox 822 2125 898 2194; x_wconf 90' lang='lat' dir='ltr'><strong>istis</strong></span> <span class='ocrx_word' id='word_1_134' title='bbox 929 2125 1137 2194; x_wconf 83' lang='lat' dir='ltr'><strong>describitur</strong></span> <span class='ocrx_word' id='word_1_135' title='bbox 1160 2125 1304 2194; x_wconf 85' lang='lat' dir='ltr'><strong>materia</strong></span> 
     </span>
     <span class='ocr_line' id='line_1_17' title="bbox 96 2248 1302 2339; baseline 0.006 -26"><span class='ocrx_word' id='word_1_136' title='bbox 96 2248 248 2318; x_wconf 74' lang='lat' dir='ltr'><strong>:mnitatis</strong></span> <span class='ocrx_word' id='word_1_137' title='bbox 272 2249 431 2317; x_wconf 89' lang='lat' dir='ltr'><strong>omnium</strong></span> <span class='ocrx_word' id='word_1_138' title='bbox 455 2250 756 2339; x_wconf 66' lang='lat' dir='ltr'><strong>sanctorumffjsub</strong></span> <span class='ocrx_word' id='word_1_139' title='bbox 788 2250 990 2339; x_wconf 82' lang='lat' dir='ltr'><strong>metaphora</strong></span> <span class='ocrx_word' id='word_1_140' title='bbox 1021 2249 1168 2319; x_wconf 83' lang='lat' dir='ltr'><strong>civitatis</strong></span> <span class='ocrx_word' id='word_1_141' title='bbox 1192 2272 1212 2318; x_wconf 93' lang='lat' dir='ltr'><strong>a</strong></span> <span class='ocrx_word' id='word_1_142' title='bbox 1236 2255 1302 2320; x_wconf 86' lang='lat' dir='ltr'><strong>Deo</strong></span> 
     </span>
     <span class='ocr_line' id='line_1_18' title="bbox 96 2371 1297 2464; baseline 0.002 -24"><span class='ocrx_word' id='word_1_143' title='bbox 96 2372 261 2441; x_wconf 72' lang='lat' dir='ltr'><strong>tendentis</strong></span> <span class='ocrx_word' id='word_1_144' title='bbox 284 2382 317 2442; x_wconf 93' lang='lat' dir='ltr'>et</span> <span class='ocrx_word' id='word_1_145' title='bbox 340 2371 383 2440; x_wconf 95' lang='lat' dir='ltr'><strong>ad</strong></span> <span class='ocrx_word' id='word_1_146' title='bbox 408 2377 516 2441; x_wconf 86' lang='lat' dir='ltr'><strong>Deum</strong></span> <span class='ocrx_word' id='word_1_147' title='bbox 540 2373 723 2456; x_wconf 74' lang='lat' dir='ltr'><strong>tendentis</strong></span> <span class='ocrx_word' id='word_1_148' title='bbox 751 2374 821 2443; x_wconf 89' lang='lat' dir='ltr'><strong>sive</strong></span> <span class='ocrx_word' id='word_1_149' title='bbox 845 2374 1116 2443; x_wconf 87' lang='lat' dir='ltr'><strong>revertentis...»</strong></span> <span class='ocrx_word' id='word_1_150' title='bbox 1134 2374 1245 2464; x_wconf 85' lang='lat' dir='ltr'><strong>Hujus</strong></span> <span class='ocrx_word' id='word_1_151' title='bbox 1261 2396 1297 2443; x_wconf 94' lang='lat' dir='ltr'>e-</span> 
     </span>
     <span class='ocr_line' id='line_1_19' title="bbox 96 2474 1298 2586; baseline 0.003 -26"><span class='ocrx_word' id='word_1_152' title='bbox 96 2516 111 2560; x_wconf 91' lang='lat' dir='ltr'><strong>n</strong></span> <span class='ocrx_word' id='word_1_153' title='bbox 132 2495 301 2564; x_wconf 91' lang='lat' dir='ltr'><strong>sermonis</strong></span> <span class='ocrx_word' id='word_1_154' title='bbox 325 2474 393 2563; x_wconf 85' lang='lat' dir='ltr'><strong>alia</strong></span> <span class='ocrx_word' id='word_1_155' title='bbox 417 2496 573 2586; x_wconf 84' lang='lat' dir='ltr'><strong>exempla</strong></span> <span class='ocrx_word' id='word_1_156' title='bbox 596 2518 679 2566; x_wconf 92' lang='lat' dir='ltr'><strong>mss.</strong></span> <span class='ocrx_word' id='word_1_157' title='bbox 707 2497 829 2579; x_wconf 85' lang='lat' dir='ltr'><strong>detexi,</strong></span> <span class='ocrx_word' id='word_1_158' title='bbox 856 2498 1086 2586; x_wconf 91' lang='lat' dir='ltr'><strong>eumdemque</strong></span> <span class='ocrx_word' id='word_1_159' title='bbox 1110 2497 1153 2566; x_wconf 91' lang='lat' dir='ltr'><strong>ab</strong></span> <span class='ocrx_word' id='word_1_160' title='bbox 1177 2496 1298 2566; x_wconf 91' lang='lat' dir='ltr'><strong>eodem</strong></span> 
     </span>
     <span class='ocr_line' id='line_1_20' title="bbox 97 2615 1301 2711; baseline 0.003 -28"><span class='ocrx_word' id='word_1_161' title='bbox 97 2615 142 2685; x_wconf 89' lang='lat' dir='ltr'><strong>ice</strong></span> <span class='ocrx_word' id='word_1_162' title='bbox 164 2640 204 2687; x_wconf 85' lang='lat' dir='ltr'>ex</span> <span class='ocrx_word' id='word_1_163' title='bbox 236 2640 305 2704; x_wconf 92' lang='lat' dir='ltr'><strong>quo</strong></span> <span class='ocrx_word' id='word_1_164' title='bbox 337 2618 464 2687; x_wconf 86' lang='lat' dir='ltr'><strong>Uecelli</strong></span> <span class='ocrx_word' id='word_1_165' title='bbox 499 2619 751 2710; x_wconf 83' lang='lat' dir='ltr'><strong>descripserat,</strong></span> <span class='ocrx_word' id='word_1_166' title='bbox 790 2632 824 2691; x_wconf 89' lang='lat' dir='ltr'>et</span> <span class='ocrx_word' id='word_1_167' title='bbox 858 2622 1019 2691; x_wconf 91' lang='lat' dir='ltr'><strong>laudatus</strong></span> <span class='ocrx_word' id='word_1_168' title='bbox 1050 2627 1157 2711; x_wconf 85' lang='lat' dir='ltr'><strong>Lecoy</strong></span> <span class='ocrx_word' id='word_1_169' title='bbox 1192 2621 1301 2690; x_wconf 92' lang='lat' dir='ltr'><strong>conti-</strong></span> 
     </span>
     <span class='ocr_line' id='line_1_21' title="bbox 96 2739 1343 2830; baseline 0.004 -23"><span class='ocrx_word' id='word_1_170' title='bbox 96 2739 103 2806; x_wconf 86' lang='lat' dir='ltr'><strong>i</strong></span> <span class='ocrx_word' id='word_1_171' title='bbox 135 2739 310 2808; x_wconf 91' lang='lat' dir='ltr'><strong>indicavit.</strong></span> <span class='ocrx_word' id='word_1_172' title='bbox 345 2741 388 2808; x_wconf 91' lang='lat' dir='ltr'><strong>Hi</strong></span> <span class='ocrx_word' id='word_1_173' title='bbox 423 2741 530 2830; x_wconf 89' lang='lat' dir='ltr'><strong>igitur</strong></span> <span class='ocrx_word' id='word_1_174' title='bbox 577 2764 752 2812; x_wconf 86' lang='lat' dir='ltr'><strong>sermones</strong></span> <span class='ocrx_word' id='word_1_175' title='bbox 787 2744 871 2814; x_wconf 91' lang='lat' dir='ltr'><strong>editi</strong></span> <span class='ocrx_word' id='word_1_176' title='bbox 895 2757 987 2815; x_wconf 89' lang='lat' dir='ltr'><strong>sunt.</strong></span> <span class='ocrx_word' id='word_1_177' title='bbox 1025 2743 1187 2814; x_wconf 87' lang='lat' dir='ltr'><strong>Anecdoti</strong></span> <span class='ocrx_word' id='word_1_178' title='bbox 1231 2765 1343 2812; x_wconf 88' lang='lat' dir='ltr'><strong>vero.</strong></span> 
     </span>
     <span class='ocr_line' id='line_1_22' title="bbox 98 2863 619 2965; baseline 0.002 -36"><span class='ocrx_word' id='word_1_179' title='bbox 98 2863 190 2965; x_wconf 82' lang='lat' dir='ltr'><strong>tqui</strong></span> <span class='ocrx_word' id='word_1_180' title='bbox 214 2875 420 2949; x_wconf 91' lang='lat' dir='ltr'><strong>sequuntur,</strong></span> <span class='ocrx_word' id='word_1_181' title='bbox 444 2863 619 2933; x_wconf 90' lang='lat' dir='ltr'><strong>videlicet:</strong></span> 
     </span>
    </p>

    <p class='ocr_par' dir='ltr' id='par_1_4' title="bbox 95 2985 1310 3685">
     <span class='ocr_line' id='line_1_23' title="bbox 114 2985 1310 3077; baseline 0.015 -24"><span class='ocrx_word' id='word_1_182' title='bbox 114 2985 150 3073; x_wconf 90' lang='lat' dir='ltr'><strong>o)</strong></span> <span class='ocrx_word' id='word_1_183' title='bbox 173 3008 192 3051; x_wconf 75' lang='lat' dir='ltr'><strong>a</strong></span> <span class='ocrx_word' id='word_1_184' title='bbox 219 2990 336 3054; x_wconf 91' lang='lat' dir='ltr'><strong>Sermo</strong></span> <span class='ocrx_word' id='word_1_185' title='bbox 360 2986 396 3055; x_wconf 91' lang='lat' dir='ltr'><strong>in</strong></span> <span class='ocrx_word' id='word_1_186' title='bbox 421 2987 534 3077; x_wconf 91' lang='lat' dir='ltr'><strong>prima</strong></span> <span class='ocrx_word' id='word_1_187' title='bbox 558 2988 734 3058; x_wconf 89' lang='lat' dir='ltr'><strong>dominica</strong></span> <span class='ocrx_word' id='word_1_188' title='bbox 757 2990 930 3061; x_wconf 78' lang='lat' dir='ltr'><strong>Adventus</strong></span> <span class='ocrx_word' id='word_1_189' title='bbox 954 3015 974 3061; x_wconf 94' lang='lat' dir='ltr'><strong>a</strong></span> <span class='ocrx_word' id='word_1_190' title='bbox 994 2992 1097 3064; x_wconf 87' lang='lat' dir='ltr'><strong>fratre</strong></span> <span class='ocrx_word' id='word_1_191' title='bbox 1127 2999 1310 3072; x_wconf 86' lang='lat' dir='ltr'><strong>Eustachio</strong></span> 
     </span>
     <span class='ocr_line' id='line_1_24' title="bbox 95 3106 1310 3217; baseline 0.018 -43"><span class='ocrx_word' id='word_1_192' title='bbox 95 3129 125 3175; x_wconf 92' lang='lat' dir='ltr'><strong>re</strong></span> <span class='ocrx_word' id='word_1_193' title='bbox 141 3107 286 3217; x_wconf 80' lang='lat' dir='ltr'><strong>minore,</strong></span> <span class='ocrx_word' id='word_1_194' title='bbox 304 3106 415 3178; x_wconf 87' lang='lat' dir='ltr'><strong>factus</strong></span> <span class='ocrx_word' id='word_1_195' title='bbox 439 3110 533 3199; x_wconf 92' lang='lat' dir='ltr'><strong>apud</strong></span> <span class='ocrx_word' id='word_1_196' title='bbox 554 3112 713 3209; x_wconf 76' lang='lat' dir='ltr'><strong>llinores.</strong></span> <span class='ocrx_word' id='word_1_197' title='bbox 743 3136 760 3179; x_wconf 88' lang='lat'><strong>&gt;›</strong></span> <span class='ocrx_word' id='word_1_198' title='bbox 786 3115 923 3204; x_wconf 90' lang='lat' dir='ltr'><strong>Incipit:</strong></span> <span class='ocrx_word' id='word_1_199' title='bbox 950 3121 1079 3186; x_wconf 83' lang='lat' dir='ltr'><strong>«Horo</strong></span> <span class='ocrx_word' id='word_1_200' title='bbox 1094 3132 1142 3190; x_wconf 82' lang='lat' dir='ltr'><strong>est</strong></span> <span class='ocrx_word' id='word_1_201' title='bbox 1155 3125 1233 3211; x_wconf 82' lang='lat' dir='ltr'><strong>joni</strong></span> <span class='ocrx_word' id='word_1_202' title='bbox 1250 3150 1310 3196; x_wconf 87' lang='lat' dir='ltr'><strong>nos</strong></span> 
     </span>
     <span class='ocr_line' id='line_1_25' title="bbox 95 3238 1307 3336; baseline 0.017 -39"><span class='ocrx_word' id='word_1_203' title='bbox 95 3252 200 3298; x_wconf 80' lang='lat' dir='ltr'><strong>somno</strong></span> <span class='ocrx_word' id='word_1_204' title='bbox 227 3252 377 3320; x_wconf 75' lang='lat' dir='ltr'><strong>surpere,</strong></span> <span class='ocrx_word' id='word_1_205' title='bbox 409 3255 497 3300; x_wconf 84' lang='lat' dir='ltr'><strong>nuno</strong></span> <span class='ocrx_word' id='word_1_206' title='bbox 527 3244 641 3302; x_wconf 81' lang='lat' dir='ltr'><strong>cutem</strong></span> <span class='ocrx_word' id='word_1_207' title='bbox 662 3238 803 3325; x_wconf 79' lang='lat' dir='ltr'><strong>propior·</strong></span> <span class='ocrx_word' id='word_1_208' title='bbox 832 3247 880 3305; x_wconf 81' lang='lat' dir='ltr'><strong>ert</strong></span> <span class='ocrx_word' id='word_1_209' title='bbox 909 3250 1025 3308; x_wconf 79' lang='lat' dir='ltr'><strong>nostra</strong></span> <span class='ocrx_word' id='word_1_210' title='bbox 1053 3245 1170 3326; x_wconf 79' lang='lat' dir='ltr'><strong>solus,</strong></span> <span class='ocrx_word' id='word_1_211' title='bbox 1203 3271 1307 3336; x_wconf 81' lang='lat' dir='ltr'><strong>quom</strong></span> 
     </span>
     <span class='ocr_line' id='line_1_26' title="bbox 95 3353 1302 3447; baseline 0.015 -26"><span class='ocrx_word' id='word_1_212' title='bbox 95 3400 98 3413; x_wconf 34' lang='lat' dir='ltr'><strong>a</strong></span> <span class='ocrx_word' id='word_1_213' title='bbox 126 3353 340 3423; x_wconf 79' lang='lat' dir='ltr'><strong>credidimus.</strong></span> <span class='ocrx_word' id='word_1_214' title='bbox 368 3356 481 3443; x_wconf 88' lang='lat' dir='ltr'><strong>Apost.</strong></span> <span class='ocrx_word' id='word_1_215' title='bbox 509 3359 606 3424; x_wconf 89' lang='lat' dir='ltr'><strong>Rom.</strong></span> <span class='ocrx_word' id='word_1_216' title='bbox 627 3361 668 3425; x_wconf 86' lang='lat' dir='ltr'><strong>l3</strong></span> <span class='ocrx_word' id='word_1_217' title='bbox 690 3357 783 3447; x_wconf 80' lang='lat' dir='ltr'><strong>(A)...</strong></span> <span class='ocrx_word' id='word_1_218' title='bbox 812 3363 852 3426; x_wconf 95' lang='lat' dir='ltr'><strong>In</strong></span> <span class='ocrx_word' id='word_1_219' title='bbox 876 3360 1118 3447; x_wconf 75' lang='lat' dir='ltr'><strong>uerbo&#39;autem</strong></span> <span class='ocrx_word' id='word_1_220' title='bbox 1144 3367 1208 3437; x_wconf 91' lang='lat' dir='ltr'><strong>isto</strong></span> <span class='ocrx_word' id='word_1_221' title='bbox 1233 3369 1302 3440; x_wconf 90' lang='lat' dir='ltr'><strong>duo</strong></span> 
     </span>
     <span class='ocr_line' id='line_1_27' title="bbox 95 3479 1301 3576; baseline 0.016 -34"><span class='ocrx_word' id='word_1_222' title='bbox 95 3486 206 3555; x_wconf 87' lang='lat' dir='ltr'><strong>mtur,</strong></span> <span class='ocrx_word' id='word_1_223' title='bbox 233 3497 383 3561; x_wconf 91' lang='lat' dir='ltr'><strong>quorum</strong></span> <span class='ocrx_word' id='word_1_224' title='bbox 418 3498 530 3546; x_wconf 92' lang='lat' dir='ltr'><strong>unum</strong></span> <span class='ocrx_word' id='word_1_225' title='bbox 566 3479 712 3569; x_wconf 91' lang='lat' dir='ltr'><strong>pertinet</strong></span> <span class='ocrx_word' id='word_1_226' title='bbox 741 3481 784 3549; x_wconf 93' lang='lat' dir='ltr'><strong>ad</strong></span> <span class='ocrx_word' id='word_1_227' title='bbox 816 3493 973 3552; x_wconf 92' lang='lat' dir='ltr'><strong>nostram</strong></span> <span class='ocrx_word' id='word_1_228' title='bbox 997 3484 1301 3576; x_wconf 84' lang='lat' dir='ltr'><strong>informationem,</strong></span> 
     </span>
     <span class='ocr_line' id='line_1_28' title="bbox 95 3599 1303 3685; baseline 0.017 -20"><span class='ocrx_word' id='word_1_229' title='bbox 95 3624 100 3665; x_wconf 84' lang='lat' dir='ltr'><strong>l</strong></span> <span class='ocrx_word' id='word_1_230' title='bbox 123 3599 226 3667; x_wconf 86' lang='lat' dir='ltr'><strong>dicit:</strong></span> <span class='ocrx_word' id='word_1_231' title='bbox 250 3603 400 3679; x_wconf 58' lang='lat' dir='ltr'><strong>¹Fratres</strong></span> <span class='ocrx_word' id='word_1_232' title='bbox 428 3600 511 3669; x_wconf 79' lang='lat' dir='ltr'><strong>liora</strong></span> <span class='ocrx_word' id='word_1_233' title='bbox 540 3613 588 3669; x_wconf 80' lang='lat' dir='ltr'><strong>est</strong></span> <span class='ocrx_word' id='word_1_234' title='bbox 615 3613 675 3671; x_wconf 89' lang='lat' dir='ltr'><strong>etc.</strong></span> <span class='ocrx_word' id='word_1_235' title='bbox 707 3603 808 3674; x_wconf 93' lang='lat' dir='ltr'><strong>Aliud</strong></span> <span class='ocrx_word' id='word_1_236' title='bbox 841 3627 920 3675; x_wconf 91' lang='lat' dir='ltr'><strong>vero</strong></span> <span class='ocrx_word' id='word_1_237' title='bbox 956 3608 1000 3676; x_wconf 95' lang='lat' dir='ltr'><strong>ad</strong></span> <span class='ocrx_word' id='word_1_238' title='bbox 1034 3612 1303 3685; x_wconf 89' lang='lat' dir='ltr'><strong>consolationem</strong></span> 
     </span>
    </p>
   </div>
   <div class='ocr_carea' id='block_1_2' title="bbox 95 3720 1306 3914">
    <p class='ocr_par' dir='ltr' id='par_1_5' title="bbox 95 3720 1306 3914">
     <span class='ocr_line' id='line_1_29' title="bbox 95 3720 1306 3822; baseline 0.015 -32"><span class='ocrx_word' id='word_1_239' title='bbox 95 3744 197 3801; x_wconf 87' lang='lat' dir='ltr'><strong>ram,</strong></span> <span class='ocrx_word' id='word_1_240' title='bbox 234 3721 327 3807; x_wconf 91' lang='lat' dir='ltr'><strong>quod</strong></span> <span class='ocrx_word' id='word_1_241' title='bbox 365 3728 503 3790; x_wconf 79' lang='lat' dir='ltr'><strong>notatur</strong></span> <span class='ocrx_word' id='word_1_242' title='bbox 537 3745 618 3792; x_wconf 91' lang='lat' dir='ltr'><strong>cum</strong></span> <span class='ocrx_word' id='word_1_243' title='bbox 654 3720 803 3808; x_wconf 87' lang='lat' dir='ltr'><strong>dicitur,</strong></span> <span class='ocrx_word' id='word_1_244' title='bbox 841 3729 924 3814; x_wconf 90' lang='lat' dir='ltr'><strong>quia</strong></span> <span class='ocrx_word' id='word_1_245' title='bbox 947 3735 1089 3822; x_wconf 80' lang='lat' dir='ltr'><strong>propior</strong></span> <span class='ocrx_word' id='word_1_246' title='bbox 1117 3747 1164 3804; x_wconf 85' lang='lat' dir='ltr'><strong>est</strong></span> <span class='ocrx_word' id='word_1_247' title='bbox 1191 3749 1306 3808; x_wconf 84' lang='lat' dir='ltr'><strong>nostra</strong></span> 
     </span>
     <span class='ocr_line' id='line_1_30' title="bbox 97 3868 165 3914; baseline -0.059 0"><span class='ocrx_word' id='word_1_248' title='bbox 97 3869 123 3914; x_wconf 74' lang='lat' dir='ltr'><strong>s,</strong></span> <span class='ocrx_word' id='word_1_249' title='bbox 147 3868 165 3911; x_wconf 89' lang='lat'>»</span> 
     </span>
    </p>
   </div>
   <div class='ocr_carea' id='block_1_3' title="bbox 94 4127 289 4409">
    <p class='ocr_par' dir='ltr' id='par_1_6' title="bbox 94 4127 289 4333">
     <span class='ocr_line' id='line_1_31' title="bbox 95 4127 278 4173; baseline -0.022 -4"><span class='ocrx_word' id='word_1_250' title='bbox 95 4129 146 4169; x_wconf 73' lang='lat' dir='ltr'><strong>&#39;sat</strong></span> <span class='ocrx_word' id='word_1_251' title='bbox 160 4127 196 4173; x_wconf 83' lang='grc'><strong>90,</strong></span> <span class='ocrx_word' id='word_1_252' title='bbox 208 4136 231 4165; x_wconf 89' lang='lat' dir='ltr'><strong>v.</strong></span> <span class='ocrx_word' id='word_1_253' title='bbox 246 4127 278 4166; x_wconf 90' lang='lat'><strong>11.</strong></span> 
     </span>
     <span class='ocr_line' id='line_1_32' title="bbox 94 4207 289 4250; baseline 0 -3"><span class='ocrx_word' id='word_1_254' title='bbox 94 4207 181 4248; x_wconf 72' lang='lat' dir='ltr'><strong>lulach.</strong></span> <span class='ocrx_word' id='word_1_255' title='bbox 196 4207 216 4250; x_wconf 58' lang='grc' dir='ltr'><strong>Ἄ,</strong></span> <span class='ocrx_word' id='word_1_256' title='bbox 230 4216 253 4245; x_wconf 85' lang='lat' dir='ltr'><strong>v.</strong></span> <span class='ocrx_word' id='word_1_257' title='bbox 268 4207 289 4247; x_wconf 78' lang='lat'><strong>7.</strong></span> 
     </span>
     <span class='ocr_line' id='line_1_33' title="bbox 94 4287 252 4333; baseline -0.032 -4"><span class='ocrx_word' id='word_1_258' title='bbox 94 4292 153 4329; x_wconf 64' lang='lat' dir='ltr'><strong>*ron</strong></span> <span class='ocrx_word' id='word_1_259' title='bbox 168 4288 188 4333; x_wconf 76' lang='lat'><strong>9,</strong></span> <span class='ocrx_word' id='word_1_260' title='bbox 198 4293 223 4326; x_wconf 80' lang='lat' dir='ltr'><strong>v.</strong></span> <span class='ocrx_word' id='word_1_261' title='bbox 232 4287 252 4324; x_wconf 88' lang='lat'><strong>1.</strong></span> 
     </span>
    </p>

    <p class='ocr_par' dir='ltr' id='par_1_7' title="bbox 94 4369 148 4409">
     <span class='ocr_line' id='line_1_34' title="bbox 94 4369 148 4409; baseline -0.019 -1"><span class='ocrx_word' id='word_1_262' title='bbox 94 4369 107 4409; x_wconf 78' lang='grc'><strong>’.</strong></span> <span class='ocrx_word' id='word_1_263' title='bbox 122 4369 148 4408; x_wconf 93' lang='grc'><strong>11</strong></span> 
     </span>
    </p>
   </div>
   <div class='ocr_carea' id='block_1_4' title="bbox 0 0 1516 4844">
    <p class='ocr_par' dir='ltr' id='par_1_8' title="bbox 0 0 1516 4844">
     <span class='ocr_line' id='line_1_35' title="bbox 0 0 1516 4844; baseline 0 0"><span class='ocrx_word' id='word_1_264' title='bbox 0 0 1516 4844; x_wconf 95' lang='lat' dir='ltr'><strong> </strong></span> 
     </span>
    </p>
   </div>
  </div>
 </body>
</html>
