3022 4844
595 279 794 345 -279-

142 413 286 487 Desinit
304 425 478 507 «propter
500 415 662 508 pietatem
687 427 781 488 tuam
805 417 943 509 suscipe
958 439 1076 509 preces
1100 439 1205 500 meas,
1232 429 1265 490 et
1289 419 1334 489 da

86 538 143 611 ihi
164 539 326 611 effectum
350 541 524 632 petitionis
556 552 589 612 et
612 541 774 613 desiderii
794 542 879 624 mei,
905 542 1135 614 intercedente
1166 554 1198 613 et
1221 543 1331 634 impe-

86 674 164 737 ante
187 664 338 757 gloriosa
360 666 498 759 Virgine
522 667 638 752 Mario,
664 690 745 738 cum
760 667 925 738 omnibus
953 667 1093 741 sanctis.
1120 670 1237 739 Arnen.
1266 690 1285 735 a

140 1151 195 1215 38.
223 1168 242 1212 «
267 1149 313 1216 Du
337 1167 548 1215 eanimurum
571 1167 688 1216 nuonrs
712 1168 878 1218 sncunnuu
902 1152 1171 1222 Boutvcrrrnnmr.
1199 1169 1217 1212 a

254 1269 403 1361 Incipit:
431 1292 449 1336 «
475 1272 501 1340 0
524 1292 622 1340 amor
646 1271 772 1342 ardens
795 1271 931 1352 caritas,

430 1418 448 1464 «
474 1401 513 1467 Et
536 1418 674 1468 summa
696 1397 811 1467 cordis
833 1396 982 1469 bonitas.
1010 1421 1028 1464 o

254 1609 398 1680 Desinit:
426 1632 444 1676 <t
470 1614 555 1680 Cum
579 1609 707 1679 videbit
731 1631 899 1699 sponsum
924 1609 1026 1701 plone

430 1757 448 1801 «
475 1740 631 1818 Quantus
655 1734 699 1804 sit
722 1734 758 1804 in
782 1734 904 1827 gloria,
1103 1709 1110 1722 ⁵

428 1883 445 1926 a
472 1865 531 1929 Det
554 1859 654 1931 nobis
678 1864 768 1929 Deus
791 1859 960 1951 gaudium

305 2041 307 2045 .
424 2006 442 2048 a
467 1983 599 2053 Amoris
622 1983 659 2052 in
682 1994 888 2074 perpetuum

427 2131 445 2175 a
472 2114 511 2178 In
536 2107 673 2180 coelesti
698 2109 820 2201 patria.
847 2113 1002 2179 Amen.»

140 2537 228 2602 39.«
250 2535 420 2610 Srunonuu
448 2553 596 2601 unorsrnr
621 2553 659 2601 rr
685 2553 797 2602 norrun
811 2537 920 2603 Borun
946 2553 1123 2602 vruruaau.
1143 2551 1161 2597 a
1178 2528 1322 2621 Incipit:

94 2659 277 2729 tunicatus
292 2658 420 2747 triptem
435 2656 572 2746 difficile
585 2658 768 2748 rumpitur.
793 2656 882 2726 Eccl.
904 2661 938 2726 t.
965 2654 1156 2725 Funiculus
1174 2654 1238 2724 iste
1253 2675 1323 2741 quo

86 2779 206 2852 aditur
222 2803 247 2857 a
266 2790 356 2861 nerra
377 2780 421 2849 ad
446 2779 617 2861 coelestia,
645 2791 696 2850 est
719 2780 817 2862 fides,
844 2801 934 2872 spes,
961 2779 1097 2867 canitae,
1125 2778 1321 2866 dequibus

86 2914 101 2973 t
122 2905 361 2997 principaliter
382 2905 666 2997 praedicandum.
693 2910 739 2974 De
771 2905 840 2975 fide
873 2915 988 2975 autem
1020 2913 1169 2992 quatuor
1200 2925 1321 2999 per-se

86 3029 247 3105 raerenda
270 3039 362 3100 sunt.
395 3035 442 3100 Et·
457 3030 571 3121 primo
593 3029 637 3100 de
666 3029 743 3119 ejus
765 3028 977 3120 indigentia,
1005 3028 1157 3099 secundo
1181 3027 1224 3098 de
1247 3026 1323 3118 ejus

86 3150 211 3256 tracia,
238 3155 335 3225 tertio
358 3155 402 3225 de
423 3155 500 3245 ejus
522 3176 699 3246 permane.
714 3155 772 3236 tia,
790 3164 912 3242 quarto
935 3155 978 3225 de
1000 3153 1076 3267 ejus
1100 3151 1319 3222 sufficientia.

86 3296 133 3350 tm
165 3280 331 3372 primum,
368 3279 498 3350 scilicet
525 3279 600 3370 ejus
624 3279 833 3371 indigentia,
867 3279 1059 3351 ostenditur
1084 3289 1254 3366 quantum
1277 3278 1322 3347 ad

86 3415 196 3476 tatuor
239 3405 283 3476 ad
333 3405 445 3497 ipsam
491 3405 596 3475 fidem
640 3405 846 3478 neccssaria.
894 3405 1007 3475 Primo
1050 3415 1103 3477 est
1137 3404 1322 3491 ‚inchoatio

86 3529 261 3601 atrimonii
284 3529 487 3622 spiritualis,
514 3529 718 3635 secundum.
737 3540 788 3600 est
817 3528 1027 3600 illuminatio
1055 3529 1192 3599 virtutis
1220 3528 1322 3599 intel·

86 3653 216 3736 munis,
239 3654 382 3725 tertium
406 3665 457 3725 est
480 3653 641 3746 perfectio
671 3654 835 3725 desiderii
866 3652 1048 3735 naturalis,
1084 3665 1248 3741 quartum
1271 3663 1324 3725 est

86 3780 189 3850 rectio
212 3779 355 3850 affectus
377 3779 567 3851 rationalis.
594 3785 678 3850 Nam
703 3801 765 3871 per
787 3778 892 3849 fidem
909 3778 990 3848 iacit
1004 3777 1123 3849 anima
1141 3776 1321 3848 rationalis

106 3901 290 3975 christiana
311 3903 414 3991 quasi
456 3902 631 3991 quoddam
655 3902 917 3973 matrimonium
950 3925 1031 3973 cum
1060 3906 1139 3971 Deo.
1167 3903 1252 3972 Osee
1274 3908 1318 3972 2:

86 4029 223 4111 nonsabo
247 4040 279 4099 te
301 4029 390 4098 mihi
412 4029 448 4098 in
479 4028 559 4099 fide.
592 4034 632 4099 Et
668 4051 788 4099 verum
825 4040 876 4100 est
911 4028 1016 4116 quod,
1053 4026 1321 4115 quando·homo

86 4153 238 4242 aptizatus
260 4153 443 4225 confitetur
475 4153 581 4224 fidem
606 4177 688 4225 cum
723 4154 869 4225 dicitur:
896 4153 1012 4225 Credis
1040 4152 1077 4221 in
1102 4155 1231 4222 Deum?
1253 4162 1318 4222 etc.

86 4295 130 4346 am
155 4279 245 4351 sicut
267 4270 395 4350 dicitur
417 4279 454 4350 in
477 4285 605 4371 Evang.
626 4279 731 4350 Marci
756 4284 809 4363 to,
829 4285 891 4351 to:
917 4279 984 4364 Qui
996 4278 1181 4373 crediderit
1203 4289 1238 4347 et
1259 4277 1321 4348 ba·

86 4396 192 4477 tizatus
221 4402 337 4488 fuerit,
369 4404 485 4476 salvus
513 4405 588 4476 erit.
616 4404 712 4476 Unde
735 4403 874 4477 nullum
897 4405 1030 4476 bonum
1053 4425 1142 4495 opus
1166 4413 1320 4493 acceptat
