<?xml version="1.0" encoding="UTF-8"?>
<!DOCTYPE html PUBLIC "-//W3C//DTD XHTML 1.0 Transitional//EN"
    "http://www.w3.org/TR/xhtml1/DTD/xhtml1-transitional.dtd">
<html xmlns="http://www.w3.org/1999/xhtml" xml:lang="en" lang="en">
 <head>
  <title>
</title>
<meta http-equiv="Content-Type" content="text/html;charset=utf-8" />
  <meta name='ocr-system' content='tesseract 3.04.00' />
  <meta name='ocr-capabilities' content='ocr_page ocr_carea ocr_par ocr_line ocrx_word'/>
</head>
<body>
  <div class='ocr_page' id='page_1' title='image "./rationovaecolle00fanngoog_0300.png"; bbox 0 0 3022 4844; ppageno 0'>
   <div class='ocr_carea' id='block_1_1' title="bbox 83 176 1324 1649">
    <p class='ocr_par' dir='ltr' id='par_1_1' title="bbox 83 176 1323 911">
     <span class='ocr_line' id='line_1_1' title="bbox 581 176 802 248; baseline 0.032 -29"><span class='ocrx_word' id='word_1_1' title='bbox 581 198 646 231; x_wconf 76' lang='lat'><strong>.,.</strong></span> <span class='ocrx_word' id='word_1_2' title='bbox 666 176 733 248; x_wconf 73' lang='lat'><strong>273</strong></span> <span class='ocrx_word' id='word_1_3' title='bbox 755 215 802 226; x_wconf 86' lang='lat'><strong>..</strong></span> 
     </span>
     <span class='ocr_line' id='line_1_2' title="bbox 83 308 1320 406; baseline 0.008 -21"><span class='ocrx_word' id='word_1_4' title='bbox 83 308 307 393; x_wconf 82' lang='lat' dir='ltr'><strong>bannorum</strong></span> <span class='ocrx_word' id='word_1_5' title='bbox 330 338 392 393; x_wconf 83' lang='lat' dir='ltr'><strong>sau</strong></span> <span class='ocrx_word' id='word_1_6' title='bbox 414 314 552 389; x_wconf 83' lang='lat' dir='ltr'><strong>dierum</strong></span> <span class='ocrx_word' id='word_1_7' title='bbox 576 318 773 406; x_wconf 84' lang='lat' dir='ltr'><strong>aliquorum</strong></span> <span class='ocrx_word' id='word_1_8' title='bbox 796 318 972 393; x_wconf 87' lang='lat' dir='ltr'><strong>curricula</strong></span> <span class='ocrx_word' id='word_1_9' title='bbox 1007 320 1211 404; x_wconf 72' lang='lat' dir='ltr'><strong>terminum</strong></span> <span class='ocrx_word' id='word_1_10' title='bbox 1238 344 1320 397; x_wconf 89' lang='lat' dir='ltr'><strong>cum</strong></span> 
     </span>
     <span class='ocr_line' id='line_1_3' title="bbox 83 442 1321 551; baseline 0.002 -36"><span class='ocrx_word' id='word_1_11' title='bbox 83 442 450 551; x_wconf 44' lang='grc' dir='ltr'><strong>ἱῐθωροιίἰηιθᾼᾞ,ιθςιᾳο</strong></span> <span class='ocrx_word' id='word_1_12' title='bbox 483 444 568 525; x_wconf 84' lang='lat' dir='ltr'><strong>scit,</strong></span> <span class='ocrx_word' id='word_1_13' title='bbox 595 465 685 531; x_wconf 87' lang='lat' dir='ltr'><strong>quae</strong></span> <span class='ocrx_word' id='word_1_14' title='bbox 718 449 816 515; x_wconf 87' lang='lat' dir='ltr'><strong>Pater</strong></span> <span class='ocrx_word' id='word_1_15' title='bbox 848 445 964 535; x_wconf 81' lang='lat' dir='ltr'><strong>posuit</strong></span> <span class='ocrx_word' id='word_1_16' title='bbox 997 457 1029 515; x_wconf 87' lang='lat' dir='ltr'><strong>et</strong></span> <span class='ocrx_word' id='word_1_17' title='bbox 1066 447 1250 517; x_wconf 70' lang='lat' dir='ltr'><strong>reservavit</strong></span> <span class='ocrx_word' id='word_1_18' title='bbox 1284 448 1321 517; x_wconf 85' lang='lat' dir='ltr'><strong>iu</strong></span> 
     </span>
     <span class='ocr_line' id='line_1_4' title="bbox 83 550 1319 673; baseline 0.003 -32"><span class='ocrx_word' id='word_1_19' title='bbox 83 589 110 641; x_wconf 90' lang='lat' dir='ltr'><strong>a</strong></span> <span class='ocrx_word' id='word_1_20' title='bbox 128 550 429 673; x_wconf 51' lang='lat' dir='ltr'><strong>potestatefflsippt</strong></span> <span class='ocrx_word' id='word_1_21' title='bbox 450 568 621 659; x_wconf 77' lang='lat' dir='ltr'><strong>apostatis</strong></span> <span class='ocrx_word' id='word_1_22' title='bbox 644 569 719 660; x_wconf 87' lang='lat' dir='ltr'><strong>ipse</strong></span> <span class='ocrx_word' id='word_1_23' title='bbox 733 569 901 641; x_wconf 82' lang='lat' dir='ltr'><strong>Dominus</strong></span> <span class='ocrx_word' id='word_1_24' title='bbox 924 570 967 640; x_wconf 90' lang='lat' dir='ltr'><strong>de</strong></span> <span class='ocrx_word' id='word_1_25' title='bbox 982 570 1047 640; x_wconf 90' lang='lat' dir='ltr'><strong>hoc</strong></span> <span class='ocrx_word' id='word_1_26' title='bbox 1059 572 1319 659; x_wconf 69' lang='lat' dir='ltr'><strong>quaerentibus,</strong></span> 
     </span>
     <span class='ocr_line' id='line_1_5' title="bbox 83 682 1323 789; baseline 0.001 -20"><span class='ocrx_word' id='word_1_27' title='bbox 83 707 114 769; x_wconf 82' lang='lat' dir='ltr'><strong>t.</strong></span> <span class='ocrx_word' id='word_1_28' title='bbox 143 701 174 778; x_wconf 69' lang='lat' dir='ltr'><strong>l,</strong></span> <span class='ocrx_word' id='word_1_29' title='bbox 200 682 345 786; x_wconf 54' lang='lat' dir='ltr'><strong>legituilg</strong></span> <span class='ocrx_word' id='word_1_30' title='bbox 356 693 586 785; x_wconf 87' lang='lat' dir='ltr'><strong>respondisse:</strong></span> <span class='ocrx_word' id='word_1_31' title='bbox 622 700 695 765; x_wconf 75' lang='lat' dir='ltr'><strong>nnn</strong></span> <span class='ocrx_word' id='word_1_32' title='bbox 719 705 770 765; x_wconf 85' lang='lat' dir='ltr'><strong>est</strong></span> <span class='ocrx_word' id='word_1_33' title='bbox 790 705 939 767; x_wconf 87' lang='lat' dir='ltr'><strong>cestrum</strong></span> <span class='ocrx_word' id='word_1_34' title='bbox 973 699 1060 775; x_wconf 83' lang='lat' dir='ltr'><strong>scire</strong></span> <span class='ocrx_word' id='word_1_35' title='bbox 1095 709 1245 789; x_wconf 85' lang='lat' dir='ltr'><strong>tempora</strong></span> <span class='ocrx_word' id='word_1_36' title='bbox 1267 703 1323 777; x_wconf 83' lang='lat' dir='ltr'><strong>ccl</strong></span> 
     </span>
     <span class='ocr_line' id='line_1_6' title="bbox 83 820 1255 911; baseline 0.002 -22"><span class='ocrx_word' id='word_1_37' title='bbox 83 830 213 893; x_wconf 75' lang='lat' dir='ltr'><strong>&gt;memo</strong></span> <span class='ocrx_word' id='word_1_38' title='bbox 234 842 323 911; x_wconf 78' lang='lat' dir='ltr'><strong>qaae</strong></span> <span class='ocrx_word' id='word_1_39' title='bbox 349 823 452 889; x_wconf 81' lang='lat' dir='ltr'><strong>Pater</strong></span> <span class='ocrx_word' id='word_1_40' title='bbox 473 820 590 910; x_wconf 87' lang='lat' dir='ltr'><strong>posuit</strong></span> <span class='ocrx_word' id='word_1_41' title='bbox 617 821 653 888; x_wconf 87' lang='lat' dir='ltr'><strong>in</strong></span> <span class='ocrx_word' id='word_1_42' title='bbox 680 842 744 889; x_wconf 83' lang='lat' dir='ltr'><strong>sua</strong></span> <span class='ocrx_word' id='word_1_43' title='bbox 767 830 933 910; x_wconf 71' lang='lat' dir='ltr'><strong>potestate</strong></span> <span class='ocrx_word' id='word_1_44' title='bbox 958 820 1021 910; x_wconf 83' lang='lat' dir='ltr'><strong>(t).</strong></span> <span class='ocrx_word' id='word_1_45' title='bbox 1048 820 1113 891; x_wconf 85' lang='lat' dir='ltr'><strong>Sed</strong></span> <span class='ocrx_word' id='word_1_46' title='bbox 1234 847 1255 891; x_wconf 80' lang='lat' dir='ltr'><strong>u</strong></span> 
     </span>
    </p>

    <p class='ocr_par' dir='ltr' id='par_1_2' title="bbox 84 946 1324 1649">
     <span class='ocr_line' id='line_1_7' title="bbox 131 946 1322 1042; baseline 0.009 -30"><span class='ocrx_word' id='word_1_47' title='bbox 131 968 153 1012; x_wconf 78' lang='lat' dir='ltr'><strong>a</strong></span> <span class='ocrx_word' id='word_1_48' title='bbox 163 948 274 1036; x_wconf 78' lang='lat' dir='ltr'><strong>Caput</strong></span> <span class='ocrx_word' id='word_1_49' title='bbox 282 946 447 1037; x_wconf 85' lang='lat' dir='ltr'><strong>primum.</strong></span> <span class='ocrx_word' id='word_1_50' title='bbox 460 949 559 1015; x_wconf 81' lang='lat' dir='ltr'><strong>-Dc</strong></span> <span class='ocrx_word' id='word_1_51' title='bbox 568 946 856 1036; x_wconf 68' lang='lat' dir='ltr'><strong>persecutionibus</strong></span> <span class='ocrx_word' id='word_1_52' title='bbox 871 968 956 1036; x_wconf 88' lang='lat' dir='ltr'><strong>quas</strong></span> <span class='ocrx_word' id='word_1_53' title='bbox 970 949 1120 1017; x_wconf 78' lang='lat' dir='ltr'><strong>Ecclesia</strong></span> <span class='ocrx_word' id='word_1_54' title='bbox 1134 959 1212 1019; x_wconf 88' lang='lat' dir='ltr'><strong>ante</strong></span> <span class='ocrx_word' id='word_1_55' title='bbox 1220 973 1322 1042; x_wconf 83' lang='lat' dir='ltr'><strong>pene-</strong></span> 
     </span>
     <span class='ocr_line' id='line_1_8' title="bbox 84 1070 1322 1167; baseline 0.002 -22"><span class='ocrx_word' id='word_1_56' title='bbox 84 1075 118 1145; x_wconf 87' lang='lat' dir='ltr'><strong>lc</strong></span> <span class='ocrx_word' id='word_1_57' title='bbox 131 1071 305 1162; x_wconf 82' lang='lat' dir='ltr'><strong>judicium</strong></span> <span class='ocrx_word' id='word_1_58' title='bbox 318 1072 505 1143; x_wconf 83' lang='lat' dir='ltr'><strong>sustinebit.</strong></span> <span class='ocrx_word' id='word_1_59' title='bbox 519 1110 566 1123; x_wconf 88' lang='lat'><strong>—-</strong></span> <span class='ocrx_word' id='word_1_60' title='bbox 594 1070 717 1140; x_wconf 88' lang='lat' dir='ltr'><strong>Civitas</strong></span> <span class='ocrx_word' id='word_1_61' title='bbox 733 1070 792 1141; x_wconf 81' lang='lat' dir='ltr'><strong>nei</strong></span> <span class='ocrx_word' id='word_1_62' title='bbox 818 1071 1018 1161; x_wconf 75' lang='lat' dir='ltr'><strong>persshristi</strong></span> <span class='ocrx_word' id='word_1_63' title='bbox 1040 1072 1322 1167; x_wconf 81' lang='lat' dir='ltr'><strong>Sanguinemre·</strong></span> 
     </span>
     <span class='ocr_line' id='line_1_9' title="bbox 86 1184 1322 1293; baseline 0.003 -26"><span class='ocrx_word' id='word_1_64' title='bbox 86 1208 197 1287; x_wconf 71' lang='lat' dir='ltr'><strong>nuptu,</strong></span> <span class='ocrx_word' id='word_1_65' title='bbox 223 1196 322 1269; x_wconf 89' lang='lat' dir='ltr'><strong>etde</strong></span> <span class='ocrx_word' id='word_1_66' title='bbox 343 1207 509 1288; x_wconf 83' lang='lat' dir='ltr'><strong>potestate</strong></span> <span class='ocrx_word' id='word_1_67' title='bbox 533 1196 663 1267; x_wconf 87' lang='lat' dir='ltr'><strong>diaboli</strong></span> <span class='ocrx_word' id='word_1_68' title='bbox 687 1197 843 1278; x_wconf 76' lang='lat' dir='ltr'><strong>liberata,</strong></span> <span class='ocrx_word' id='word_1_69' title='bbox 869 1209 989 1269; x_wconf 87' lang='lat' dir='ltr'><strong>sancta</strong></span> <span class='ocrx_word' id='word_1_70' title='bbox 1019 1210 1167 1290; x_wconf 85' lang='lat' dir='ltr'><strong>purgata</strong></span> <span class='ocrx_word' id='word_1_71' title='bbox 1190 1184 1322 1293; x_wconf 80' lang='lat' dir='ltr'><strong>baptis-</strong></span> 
     </span>
     <span class='ocr_line' id='line_1_10' title="bbox 84 1321 1319 1414; baseline 0.006 -22"><span class='ocrx_word' id='word_1_72' title='bbox 84 1334 157 1404; x_wconf 84' lang='lat' dir='ltr'><strong>ate,</strong></span> <span class='ocrx_word' id='word_1_73' title='bbox 184 1343 402 1413; x_wconf 81' lang='lat' dir='ltr'><strong>regnumque</strong></span> <span class='ocrx_word' id='word_1_74' title='bbox 438 1323 498 1393; x_wconf 84' lang='lat' dir='ltr'><strong>nei</strong></span> <span class='ocrx_word' id='word_1_75' title='bbox 521 1321 631 1407; x_wconf 82' lang='lat' dir='ltr'><strong>sacta,</strong></span> <span class='ocrx_word' id='word_1_76' title='bbox 663 1322 833 1411; x_wconf 85' lang='lat' dir='ltr'><strong>quamdiu</strong></span> <span class='ocrx_word' id='word_1_77' title='bbox 857 1323 1099 1414; x_wconf 85' lang='lat' dir='ltr'><strong>peregrinatur</strong></span> <span class='ocrx_word' id='word_1_78' title='bbox 1121 1325 1158 1395; x_wconf 87' lang='lat' dir='ltr'><strong>in</strong></span> <span class='ocrx_word' id='word_1_79' title='bbox 1194 1325 1319 1408; x_wconf 83' lang='lat' dir='ltr'><strong>terris,</strong></span> 
     </span>
     <span class='ocr_line' id='line_1_11' title="bbox 85 1447 1324 1540; baseline 0.007 -24"><span class='ocrx_word' id='word_1_80' title='bbox 85 1448 210 1539; x_wconf 73' lang='lat' dir='ltr'><strong>atinae</strong></span> <span class='ocrx_word' id='word_1_81' title='bbox 233 1448 388 1536; x_wconf 87' lang='lat' dir='ltr'><strong>quatitur</strong></span> <span class='ocrx_word' id='word_1_82' title='bbox 410 1448 556 1521; x_wconf 87' lang='lat' dir='ltr'><strong>diversis</strong></span> <span class='ocrx_word' id='word_1_83' title='bbox 591 1447 877 1526; x_wconf 75' lang='lat' dir='ltr'><strong>tribulationibus</strong></span> <span class='ocrx_word' id='word_1_84' title='bbox 909 1460 942 1519; x_wconf 91' lang='lat' dir='ltr'><strong>et</strong></span> <span class='ocrx_word' id='word_1_85' title='bbox 965 1450 1159 1540; x_wconf 88' lang='lat' dir='ltr'><strong>pressuris,</strong></span> <span class='ocrx_word' id='word_1_86' title='bbox 1190 1450 1324 1525; x_wconf 81' lang='lat' dir='ltr'><strong>dicente</strong></span> 
     </span>
     <span class='ocr_line' id='line_1_12' title="bbox 85 1573 373 1649; baseline 0.003 -7"><span class='ocrx_word' id='word_1_87' title='bbox 85 1573 92 1642; x_wconf 94' lang='lat' dir='ltr'><strong>i</strong></span> <span class='ocrx_word' id='word_1_88' title='bbox 119 1574 326 1649; x_wconf 71' lang='lat' dir='ltr'><strong>Dumium...</strong></span> <span class='ocrx_word' id='word_1_89' title='bbox 354 1598 373 1643; x_wconf 79' lang='lat' dir='ltr'><strong>a</strong></span> 
     </span>
    </p>
   </div>
   <div class='ocr_carea' id='block_1_2' title="bbox 85 1928 1328 3552">
    <p class='ocr_par' dir='ltr' id='par_1_3' title="bbox 85 1928 1325 2920">
     <span class='ocr_line' id='line_1_13' title="bbox 132 1928 1323 2029; baseline -0.001 -8"><span class='ocrx_word' id='word_1_90' title='bbox 132 1928 191 2021; x_wconf 63' lang='lat' dir='ltr'><strong>32ss</strong></span> <span class='ocrx_word' id='word_1_91' title='bbox 218 1972 237 2017; x_wconf 80' lang='lat' dir='ltr'><strong>a</strong></span> <span class='ocrx_word' id='word_1_92' title='bbox 262 1956 360 2021; x_wconf 78' lang='lat' dir='ltr'><strong>Bassi</strong></span> <span class='ocrx_word' id='word_1_93' title='bbox 374 1957 511 2022; x_wconf 81' lang='lat' dir='ltr'><strong>loannis</strong></span> <span class='ocrx_word' id='word_1_94' title='bbox 525 1955 793 2029; x_wconf 77' lang='lat' dir='ltr'><strong>Bonavnnrnnaa‚</strong></span> <span class='ocrx_word' id='word_1_95' title='bbox 809 1951 881 2017; x_wconf 86' lang='lat' dir='ltr'><strong>oiri</strong></span> <span class='ocrx_word' id='word_1_96' title='bbox 900 1951 1108 2023; x_wconf 72' lang='lat' dir='ltr'><strong>devotissimi</strong></span> <span class='ocrx_word' id='word_1_97' title='bbox 1120 1973 1160 2019; x_wconf 92' lang='lat' dir='ltr'><strong>ac</strong></span> <span class='ocrx_word' id='word_1_98' title='bbox 1174 1953 1323 2022; x_wconf 71' lang='lat' dir='ltr'><strong>Doctores</strong></span> 
     </span>
     <span class='ocr_line' id='line_1_14' title="bbox 85 2076 1322 2168; baseline 0.002 -24"><span class='ocrx_word' id='word_1_99' title='bbox 85 2077 229 2168; x_wconf 50' lang='lat' dir='ltr'><strong>caputet,</strong></span> <span class='ocrx_word' id='word_1_100' title='bbox 260 2099 306 2145; x_wconf 71' lang='lat' dir='ltr'><strong>ccc</strong></span> <span class='ocrx_word' id='word_1_101' title='bbox 333 2079 489 2167; x_wconf 76' lang='lat' dir='ltr'><strong>peperoli</strong></span> <span class='ocrx_word' id='word_1_102' title='bbox 512 2077 596 2145; x_wconf 87' lang='lat' dir='ltr'><strong>duce</strong></span> <span class='ocrx_word' id='word_1_103' title='bbox 623 2086 655 2145; x_wconf 89' lang='lat' dir='ltr'><strong>et</strong></span> <span class='ocrx_word' id='word_1_104' title='bbox 682 2076 835 2145; x_wconf 78' lang='lat' dir='ltr'><strong>oninium</strong></span> <span class='ocrx_word' id='word_1_105' title='bbox 870 2076 1005 2145; x_wconf 86' lang='lat' dir='ltr'><strong>Ordinis</strong></span> <span class='ocrx_word' id='word_1_106' title='bbox 1038 2077 1188 2164; x_wconf 73' lang='lat' dir='ltr'><strong>fratrum</strong></span> <span class='ocrx_word' id='word_1_107' title='bbox 1217 2076 1322 2151; x_wconf 82' lang='lat' dir='ltr'><strong>Mino·</strong></span> 
     </span>
     <span class='ocr_line' id='line_1_15' title="bbox 86 2201 1324 2294; baseline 0 -24"><span class='ocrx_word' id='word_1_108' title='bbox 86 2224 122 2270; x_wconf 90' lang='lat' dir='ltr'><strong>m</strong></span> <span class='ocrx_word' id='word_1_109' title='bbox 152 2202 355 2273; x_wconf 73' lang='lat' dir='ltr'><strong>Albanam-is</strong></span> <span class='ocrx_word' id='word_1_110' title='bbox 393 2203 540 2294; x_wconf 79' lang='lat' dir='ltr'><strong>episcopi</strong></span> <span class='ocrx_word' id='word_1_111' title='bbox 576 2219 615 2271; x_wconf 89' lang='lat' dir='ltr'><strong>ac</strong></span> <span class='ocrx_word' id='word_1_112' title='bbox 651 2205 822 2271; x_wconf 87' lang='lat' dir='ltr'><strong>Romanae</strong></span> <span class='ocrx_word' id='word_1_113' title='bbox 846 2202 1015 2271; x_wconf 77' lang='lat' dir='ltr'><strong>Ecclesiae</strong></span> <span class='ocrx_word' id='word_1_114' title='bbox 1054 2201 1258 2283; x_wconf 72' lang='lat' dir='ltr'><strong>cardinalis,</strong></span> <span class='ocrx_word' id='word_1_115' title='bbox 1288 2202 1324 2270; x_wconf 90' lang='lat' dir='ltr'><strong>in</strong></span> 
     </span>
     <span class='ocr_line' id='line_1_16' title="bbox 86 2326 1321 2417; baseline 0 -23"><span class='ocrx_word' id='word_1_116' title='bbox 86 2327 280 2417; x_wconf 74' lang='lat' dir='ltr'><strong>inpendium</strong></span> <span class='ocrx_word' id='word_1_117' title='bbox 306 2327 580 2396; x_wconf 80' lang='lat' dir='ltr'><strong>considerationis</strong></span> <span class='ocrx_word' id='word_1_118' title='bbox 613 2327 799 2397; x_wconf 86' lang='lat' dir='ltr'><strong>scalarium</strong></span> <span class='ocrx_word' id='word_1_119' title='bbox 827 2326 1117 2395; x_wconf 80' lang='lat' dir='ltr'><strong>illuminationum</strong></span> <span class='ocrx_word' id='word_1_120' title='bbox 1145 2326 1187 2395; x_wconf 84' lang='lat' dir='ltr'><strong>ab</strong></span> <span class='ocrx_word' id='word_1_121' title='bbox 1209 2327 1321 2417; x_wconf 74' lang='lat' dir='ltr'><strong>infima</strong></span> 
     </span>
     <span class='ocr_line' id='line_1_17' title="bbox 86 2451 1325 2544; baseline 0.005 -25"><span class='ocrx_word' id='word_1_122' title='bbox 86 2453 91 2518; x_wconf 78' lang='lat' dir='ltr'><strong>l</strong></span> <span class='ocrx_word' id='word_1_123' title='bbox 113 2475 309 2543; x_wconf 87' lang='lat' dir='ltr'><strong>supremum</strong></span> <span class='ocrx_word' id='word_1_124' title='bbox 341 2453 489 2543; x_wconf 83' lang='lat' dir='ltr'><strong>pradum</strong></span> <span class='ocrx_word' id='word_1_125' title='bbox 512 2453 712 2544; x_wconf 76' lang='lat' dir='ltr'><strong>seraphicus</strong></span> <span class='ocrx_word' id='word_1_126' title='bbox 734 2452 889 2520; x_wconf 84' lang='lat' dir='ltr'><strong>caritatis</strong></span> <span class='ocrx_word' id='word_1_127' title='bbox 915 2451 1050 2519; x_wconf 85' lang='lat' dir='ltr'><strong>diuinae</strong></span> <span class='ocrx_word' id='word_1_128' title='bbox 1071 2461 1103 2520; x_wconf 87' lang='lat' dir='ltr'><strong>ct</strong></span> <span class='ocrx_word' id='word_1_129' title='bbox 1117 2451 1325 2525; x_wconf 75' lang='lat' dir='ltr'><strong>christianae</strong></span> 
     </span>
     <span class='ocr_line' id='line_1_18' title="bbox 89 2576 1318 2671; baseline -0.001 -26"><span class='ocrx_word' id='word_1_130' title='bbox 89 2579 299 2650; x_wconf 84' lang='lat' dir='ltr'><strong>candentium</strong></span> <span class='ocrx_word' id='word_1_131' title='bbox 324 2602 431 2671; x_wconf 87' lang='lat' dir='ltr'><strong>usque</strong></span> <span class='ocrx_word' id='word_1_132' title='bbox 459 2581 505 2649; x_wconf 85' lang='lat' dir='ltr'><strong>ad</strong></span> <span class='ocrx_word' id='word_1_133' title='bbox 532 2581 708 2650; x_wconf 89' lang='lat' dir='ltr'><strong>caritatem</strong></span> <span class='ocrx_word' id='word_1_134' title='bbox 742 2580 869 2647; x_wconf 73' lang='lat' dir='ltr'><strong>scilicet</strong></span> <span class='ocrx_word' id='word_1_135' title='bbox 895 2589 1086 2647; x_wconf 86' lang='lat' dir='ltr'><strong>sanctorum</strong></span> <span class='ocrx_word' id='word_1_136' title='bbox 1123 2578 1159 2644; x_wconf 88' lang='lat' dir='ltr'><strong>in</strong></span> <span class='ocrx_word' id='word_1_137' title='bbox 1189 2576 1318 2665; x_wconf 88' lang='lat' dir='ltr'><strong>patria,</strong></span> 
     </span>
     <span class='ocr_line' id='line_1_19' title="bbox 88 2698 1323 2794; baseline -0.005 -24"><span class='ocrx_word' id='word_1_138' title='bbox 88 2704 113 2783; x_wconf 91' lang='lat' dir='ltr'><strong>l,</strong></span> <span class='ocrx_word' id='word_1_139' title='bbox 131 2713 170 2772; x_wconf 91' lang='lat' dir='ltr'><strong>ut</strong></span> <span class='ocrx_word' id='word_1_140' title='bbox 183 2704 275 2774; x_wconf 85' lang='lat' dir='ltr'><strong>alias</strong></span> <span class='ocrx_word' id='word_1_141' title='bbox 287 2705 554 2794; x_wconf 82' lang='lat' dir='ltr'><strong>praetitulatus,</strong></span> <span class='ocrx_word' id='word_1_142' title='bbox 573 2705 609 2772; x_wconf 89' lang='lat' dir='ltr'><strong>in</strong></span> <span class='ocrx_word' id='word_1_143' title='bbox 636 2708 829 2773; x_wconf 80' lang='lat' dir='ltr'><strong>Tractatum</strong></span> <span class='ocrx_word' id='word_1_144' title='bbox 852 2701 892 2769; x_wconf 87' lang='lat' dir='ltr'><strong>dc</strong></span> <span class='ocrx_word' id='word_1_145' title='bbox 910 2700 1118 2769; x_wconf 83' lang='lat' dir='ltr'><strong>sublimitate</strong></span> <span class='ocrx_word' id='word_1_146' title='bbox 1149 2708 1180 2766; x_wconf 90' lang='lat' dir='ltr'><strong>et</strong></span> <span class='ocrx_word' id='word_1_147' title='bbox 1209 2698 1323 2767; x_wconf 80' lang='lat' dir='ltr'><strong>encel-</strong></span> 
     </span>
     <span class='ocr_line' id='line_1_20' title="bbox 87 2822 1307 2920; baseline -0.004 -24"><span class='ocrx_word' id='word_1_148' title='bbox 87 2829 156 2897; x_wconf 84' lang='lat' dir='ltr'><strong>ntia</strong></span> <span class='ocrx_word' id='word_1_149' title='bbox 177 2830 330 2899; x_wconf 76' lang='lat' dir='ltr'><strong>caritatis</strong></span> <span class='ocrx_word' id='word_1_150' title='bbox 349 2831 412 2901; x_wconf 85' lang='lat' dir='ltr'><strong>Dei</strong></span> <span class='ocrx_word' id='word_1_151' title='bbox 426 2829 601 2920; x_wconf 74' lang='lat' dir='ltr'><strong>gradatim</strong></span> <span class='ocrx_word' id='word_1_152' title='bbox 613 2829 822 2899; x_wconf 62' lang='lat' dir='ltr'><strong>maneam</strong></span> <span class='ocrx_word' id='word_1_153' title='bbox 831 2829 993 2917; x_wconf 84' lang='lat' dir='ltr'><strong>prolapus</strong></span> <span class='ocrx_word' id='word_1_154' title='bbox 1009 2824 1156 2912; x_wconf 72' lang='lat' dir='ltr'><strong>feliciter</strong></span> <span class='ocrx_word' id='word_1_155' title='bbox 1176 2822 1307 2913; x_wconf 85' lang='lat' dir='ltr'><strong>incipit.</strong></span> 
     </span>
    </p>

    <p class='ocr_par' dir='ltr' id='par_1_4' title="bbox 87 2946 1328 3552">
     <span class='ocr_line' id='line_1_21' title="bbox 138 2946 1324 3049; baseline -0.006 -25"><span class='ocrx_word' id='word_1_156' title='bbox 138 2979 157 3024; x_wconf 79' lang='lat' dir='ltr'><strong>a</strong></span> <span class='ocrx_word' id='word_1_157' title='bbox 173 2957 342 3049; x_wconf 82' lang='lat' dir='ltr'><strong>Magister,</strong></span> <span class='ocrx_word' id='word_1_158' title='bbox 358 2957 452 3044; x_wconf 92' lang='lat' dir='ltr'><strong>quod</strong></span> <span class='ocrx_word' id='word_1_159' title='bbox 462 2955 727 3031; x_wconf 88' lang='lat' dir='ltr'><strong>estmandatum</strong></span> <span class='ocrx_word' id='word_1_160' title='bbox 741 2976 908 3045; x_wconf 89' lang='lat' dir='ltr'><strong>magnum</strong></span> <span class='ocrx_word' id='word_1_161' title='bbox 923 2951 960 3021; x_wconf 91' lang='lat' dir='ltr'><strong>in</strong></span> <span class='ocrx_word' id='word_1_162' title='bbox 976 2950 1074 3041; x_wconf 82' lang='lat' dir='ltr'><strong>leget</strong></span> <span class='ocrx_word' id='word_1_163' title='bbox 1087 2947 1142 3021; x_wconf 80' lang='lat' dir='ltr'><strong>iit</strong></span> <span class='ocrx_word' id='word_1_164' title='bbox 1155 2946 1324 3018; x_wconf 83' lang='lat' dir='ltr'><strong>Dominus</strong></span> 
     </span>
     <span class='ocr_line' id='line_1_22' title="bbox 88 3076 1327 3175; baseline -0.007 -22"><span class='ocrx_word' id='word_1_165' title='bbox 88 3105 166 3153; x_wconf 91' lang='lat' dir='ltr'><strong>sus:</strong></span> <span class='ocrx_word' id='word_1_166' title='bbox 185 3083 312 3175; x_wconf 82' lang='lat' dir='ltr'><strong>Diliges</strong></span> <span class='ocrx_word' id='word_1_167' title='bbox 337 3083 522 3155; x_wconf 86' lang='lat' dir='ltr'><strong>Dominum</strong></span> <span class='ocrx_word' id='word_1_168' title='bbox 546 3087 654 3153; x_wconf 89' lang='lat' dir='ltr'><strong>Deum</strong></span> <span class='ocrx_word' id='word_1_169' title='bbox 679 3093 779 3153; x_wconf 86' lang='lat' dir='ltr'><strong>tuum</strong></span> <span class='ocrx_word' id='word_1_170' title='bbox 802 3102 843 3151; x_wconf 85' lang='lat' dir='ltr'><strong>ex</strong></span> <span class='ocrx_word' id='word_1_171' title='bbox 866 3089 936 3148; x_wconf 87' lang='lat' dir='ltr'><strong>tota</strong></span> <span class='ocrx_word' id='word_1_172' title='bbox 959 3076 1135 3147; x_wconf 84' lang='lat' dir='ltr'><strong>cordetuo</strong></span> <span class='ocrx_word' id='word_1_173' title='bbox 1152 3082 1327 3144; x_wconf 84' lang='lat' dir='ltr'><strong>etextota</strong></span> 
     </span>
     <span class='ocr_line' id='line_1_23' title="bbox 87 3200 1327 3292; baseline -0.01 -14"><span class='ocrx_word' id='word_1_174' title='bbox 87 3210 168 3279; x_wconf 83' lang='lat' dir='ltr'><strong>rima</strong></span> <span class='ocrx_word' id='word_1_175' title='bbox 180 3221 250 3292; x_wconf 90' lang='lat' dir='ltr'><strong>tua,</strong></span> <span class='ocrx_word' id='word_1_176' title='bbox 263 3221 297 3280; x_wconf 93' lang='lat' dir='ltr'><strong>et</strong></span> <span class='ocrx_word' id='word_1_177' title='bbox 310 3233 350 3282; x_wconf 86' lang='lat' dir='ltr'><strong>ex</strong></span> <span class='ocrx_word' id='word_1_178' title='bbox 366 3221 434 3280; x_wconf 91' lang='lat' dir='ltr'><strong>tota</strong></span> <span class='ocrx_word' id='word_1_179' title='bbox 445 3220 559 3281; x_wconf 89' lang='lat' dir='ltr'><strong>mente</strong></span> <span class='ocrx_word' id='word_1_180' title='bbox 573 3220 644 3289; x_wconf 86' lang='lat' dir='ltr'><strong>tua;</strong></span> <span class='ocrx_word' id='word_1_181' title='bbox 661 3207 726 3278; x_wconf 89' lang='lat' dir='ltr'><strong>hac</strong></span> <span class='ocrx_word' id='word_1_182' title='bbox 741 3217 793 3279; x_wconf 84' lang='lat' dir='ltr'><strong>est</strong></span> <span class='ocrx_word' id='word_1_183' title='bbox 807 3204 999 3275; x_wconf 85' lang='lat' dir='ltr'><strong>maximum</strong></span> <span class='ocrx_word' id='word_1_184' title='bbox 1015 3214 1048 3273; x_wconf 90' lang='lat' dir='ltr'><strong>et</strong></span> <span class='ocrx_word' id='word_1_185' title='bbox 1063 3200 1217 3292; x_wconf 90' lang='lat' dir='ltr'><strong>primum</strong></span> <span class='ocrx_word' id='word_1_186' title='bbox 1227 3218 1327 3267; x_wconf 90' lang='lat' dir='ltr'><strong>man-</strong></span> 
     </span>
     <span class='ocr_line' id='line_1_24' title="bbox 88 3324 1324 3426; baseline -0.01 -23"><span class='ocrx_word' id='word_1_187' title='bbox 88 3348 169 3404; x_wconf 89' lang='lat' dir='ltr'><strong>num</strong></span> <span class='ocrx_word' id='word_1_188' title='bbox 191 3336 284 3426; x_wconf 58' lang='lat' dir='ltr'><strong>(tt.</strong></span> <span class='ocrx_word' id='word_1_189' title='bbox 303 3335 425 3418; x_wconf 86' lang='lat' dir='ltr'><strong>Tertio‚</strong></span> <span class='ocrx_word' id='word_1_190' title='bbox 443 3346 494 3406; x_wconf 89' lang='lat' dir='ltr'><strong>est</strong></span> <span class='ocrx_word' id='word_1_191' title='bbox 525 3334 679 3426; x_wconf 88' lang='lat' dir='ltr'><strong>primum</strong></span> <span class='ocrx_word' id='word_1_192' title='bbox 702 3332 739 3401; x_wconf 92' lang='lat' dir='ltr'><strong>in</strong></span> <span class='ocrx_word' id='word_1_193' title='bbox 762 3329 885 3400; x_wconf 86' lang='lat' dir='ltr'><strong>ordine</strong></span> <span class='ocrx_word' id='word_1_194' title='bbox 909 3327 1100 3420; x_wconf 83' lang='lat' dir='ltr'><strong>dignitatis:</strong></span> <span class='ocrx_word' id='word_1_195' title='bbox 1127 3324 1190 3394; x_wconf 84' lang='lat' dir='ltr'><strong>hia·</strong></span> <span class='ocrx_word' id='word_1_196' title='bbox 1209 3335 1324 3395; x_wconf 87' lang='lat' dir='ltr'><strong>tamen</strong></span> 
     </span>
     <span class='ocr_line' id='line_1_25' title="bbox 88 3450 1328 3552; baseline -0.005 -23"><span class='ocrx_word' id='word_1_197' title='bbox 88 3472 148 3530; x_wconf 90' lang='lat' dir='ltr'><strong>tus</strong></span> <span class='ocrx_word' id='word_1_198' title='bbox 177 3461 406 3552; x_wconf 86' lang='lat' dir='ltr'><strong>dignissimus</strong></span> <span class='ocrx_word' id='word_1_199' title='bbox 433 3472 496 3543; x_wconf 88' lang='lat' dir='ltr'><strong>est,</strong></span> <span class='ocrx_word' id='word_1_200' title='bbox 522 3460 623 3552; x_wconf 86' lang='lat' dir='ltr'><strong>cujus</strong></span> <span class='ocrx_word' id='word_1_201' title='bbox 646 3458 799 3549; x_wconf 83' lang='lat' dir='ltr'><strong>dignitas</strong></span> <span class='ocrx_word' id='word_1_202' title='bbox 827 3454 1027 3547; x_wconf 82' lang='lat' dir='ltr'><strong>agnoscitur</strong></span> <span class='ocrx_word' id='word_1_203' title='bbox 1052 3475 1094 3523; x_wconf 85' lang='lat' dir='ltr'><strong>ex</strong></span> <span class='ocrx_word' id='word_1_204' title='bbox 1124 3450 1248 3521; x_wconf 89' lang='lat' dir='ltr'><strong>tribus.</strong></span> <span class='ocrx_word' id='word_1_205' title='bbox 1281 3452 1328 3523; x_wconf 79' lang='lat' dir='ltr'><strong>Ex</strong></span> 
     </span>
    </p>
   </div>
   <div class='ocr_carea' id='block_1_3' title="bbox 88 3577 1327 3798">
    <p class='ocr_par' dir='ltr' id='par_1_5' title="bbox 88 3577 1327 3798">
     <span class='ocr_line' id='line_1_26' title="bbox 88 3577 1323 3677; baseline -0.011 -22"><span class='ocrx_word' id='word_1_206' title='bbox 88 3586 204 3676; x_wconf 75' lang='lat' dir='ltr'><strong>dijecto</strong></span> <span class='ocrx_word' id='word_1_207' title='bbox 229 3586 281 3656; x_wconf 91' lang='lat' dir='ltr'><strong>vel</strong></span> <span class='ocrx_word' id='word_1_208' title='bbox 305 3587 467 3677; x_wconf 84' lang='lat' dir='ltr'><strong>potentia,</strong></span> <span class='ocrx_word' id='word_1_209' title='bbox 495 3609 607 3673; x_wconf 89' lang='lat' dir='ltr'><strong>aqua</strong></span> <span class='ocrx_word' id='word_1_210' title='bbox 628 3583 816 3676; x_wconf 89' lang='lat' dir='ltr'><strong>egreditur:</strong></span> <span class='ocrx_word' id='word_1_211' title='bbox 844 3580 932 3651; x_wconf 88' lang='lat' dir='ltr'><strong>actio</strong></span> <span class='ocrx_word' id='word_1_212' title='bbox 956 3579 1040 3650; x_wconf 88' lang='lat' dir='ltr'><strong>haec</strong></span> <span class='ocrx_word' id='word_1_213' title='bbox 1062 3588 1115 3649; x_wconf 88' lang='lat' dir='ltr'><strong>est</strong></span> <span class='ocrx_word' id='word_1_214' title='bbox 1138 3577 1323 3656; x_wconf 82' lang='lat' dir='ltr'><strong>voluntas,</strong></span> 
     </span>
     <span class='ocr_line' id='line_1_27' title="bbox 88 3697 1327 3798; baseline -0.006 -25"><span class='ocrx_word' id='word_1_215' title='bbox 88 3728 189 3776; x_wconf 80' lang='lat' dir='ltr'><strong>,mma</strong></span> <span class='ocrx_word' id='word_1_216' title='bbox 219 3719 251 3777; x_wconf 90' lang='lat' dir='ltr'><strong>et</strong></span> <span class='ocrx_word' id='word_1_217' title='bbox 275 3706 483 3798; x_wconf 86' lang='lat' dir='ltr'><strong>dignissima</strong></span> <span class='ocrx_word' id='word_1_218' title='bbox 510 3704 662 3796; x_wconf 90' lang='lat' dir='ltr'><strong>potentia</strong></span> <span class='ocrx_word' id='word_1_219' title='bbox 690 3703 839 3773; x_wconf 87' lang='lat' dir='ltr'><strong>animae.</strong></span> <span class='ocrx_word' id='word_1_220' title='bbox 874 3699 1030 3771; x_wconf 91' lang='lat' dir='ltr'><strong>Secunda</strong></span> <span class='ocrx_word' id='word_1_221' title='bbox 1060 3722 1101 3767; x_wconf 84' lang='lat' dir='ltr'><strong>ex</strong></span> <span class='ocrx_word' id='word_1_222' title='bbox 1126 3697 1250 3769; x_wconf 81' lang='lat' dir='ltr'><strong>habitu</strong></span> <span class='ocrx_word' id='word_1_223' title='bbox 1275 3697 1327 3767; x_wconf 93' lang='lat' dir='ltr'><strong>vel</strong></span> 
     </span>
    </p>
   </div>
   <div class='ocr_carea' id='block_1_4' title="bbox 88 3818 1328 4166">
    <p class='ocr_par' dir='ltr' id='par_1_6' title="bbox 88 3818 1328 4166">
     <span class='ocr_line' id='line_1_28' title="bbox 88 3818 1325 3919; baseline -0.006 -21"><span class='ocrx_word' id='word_1_224' title='bbox 88 3851 139 3898; x_wconf 87' lang='lat' dir='ltr'><strong>mo</strong></span> <span class='ocrx_word' id='word_1_225' title='bbox 164 3828 352 3919; x_wconf 89' lang='lat' dir='ltr'><strong>potentiam</strong></span> <span class='ocrx_word' id='word_1_226' title='bbox 375 3826 583 3897; x_wconf 86' lang='lat' dir='ltr'><strong>informante</strong></span> <span class='ocrx_word' id='word_1_227' title='bbox 608 3837 641 3894; x_wconf 91' lang='lat' dir='ltr'><strong>et</strong></span> <span class='ocrx_word' id='word_1_228' title='bbox 673 3844 779 3914; x_wconf 88' lang='lat' dir='ltr'><strong>super</strong></span> <span class='ocrx_word' id='word_1_229' title='bbox 809 3844 845 3895; x_wconf 91' lang='lat' dir='ltr'><strong>se</strong></span> <span class='ocrx_word' id='word_1_230' title='bbox 869 3820 1034 3891; x_wconf 90' lang='lat' dir='ltr'><strong>elevante:</strong></span> <span class='ocrx_word' id='word_1_231' title='bbox 1062 3819 1147 3890; x_wconf 85' lang='lat' dir='ltr'><strong>haec</strong></span> <span class='ocrx_word' id='word_1_232' title='bbox 1171 3829 1222 3887; x_wconf 88' lang='lat' dir='ltr'><strong>est</strong></span> <span class='ocrx_word' id='word_1_233' title='bbox 1243 3818 1325 3891; x_wconf 88' lang='lat' dir='ltr'><strong>cha-</strong></span> 
     </span>
     <span class='ocr_line' id='line_1_29' title="bbox 89 3941 1328 4040; baseline -0.004 -20"><span class='ocrx_word' id='word_1_234' title='bbox 89 3978 144 4037; x_wconf 80' lang='lat' dir='ltr'><strong>us,</strong></span> <span class='ocrx_word' id='word_1_235' title='bbox 180 3975 269 4040; x_wconf 91' lang='lat' dir='ltr'><strong>quae</strong></span> <span class='ocrx_word' id='word_1_236' title='bbox 296 3965 346 4024; x_wconf 88' lang='lat' dir='ltr'><strong>est</strong></span> <span class='ocrx_word' id='word_1_237' title='bbox 373 3974 553 4023; x_wconf 91' lang='lat' dir='ltr'><strong>summum</strong></span> <span class='ocrx_word' id='word_1_238' title='bbox 583 3950 739 4031; x_wconf 78' lang='lat' dir='ltr'><strong>donum,</strong></span> <span class='ocrx_word' id='word_1_239' title='bbox 778 3945 872 4035; x_wconf 86' lang='lat' dir='ltr'><strong>quod</strong></span> <span class='ocrx_word' id='word_1_240' title='bbox 913 3955 1028 4036; x_wconf 86' lang='lat' dir='ltr'><strong>patet,</strong></span> <span class='ocrx_word' id='word_1_241' title='bbox 1057 3943 1140 4030; x_wconf 88' lang='lat' dir='ltr'><strong>quia</strong></span> <span class='ocrx_word' id='word_1_242' title='bbox 1176 3943 1221 4012; x_wconf 89' lang='lat' dir='ltr'><strong>ah</strong></span> <span class='ocrx_word' id='word_1_243' title='bbox 1251 3941 1328 4039; x_wconf 85' lang='lat' dir='ltr'><strong>ipsc</strong></span> 
     </span>
     <span class='ocr_line' id='line_1_30' title="bbox 92 4068 1325 4166; baseline -0.01 -16"><span class='ocrx_word' id='word_1_244' title='bbox 92 4101 212 4151; x_wconf 82' lang='lat' dir='ltr'><strong>minus</strong></span> <span class='ocrx_word' id='word_1_245' title='bbox 237 4080 323 4148; x_wconf 90' lang='lat' dir='ltr'><strong>ardo</strong></span> <span class='ocrx_word' id='word_1_246' title='bbox 338 4078 586 4151; x_wconf 86' lang='lat' dir='ltr'><strong>denominatur</strong></span> <span class='ocrx_word' id='word_1_247' title='bbox 603 4073 786 4166; x_wconf 84' lang='lat' dir='ltr'><strong>Seraphim</strong></span> <span class='ocrx_word' id='word_1_248' title='bbox 802 4072 973 4147; x_wconf 88' lang='lat' dir='ltr'><strong>ardentes.</strong></span> <span class='ocrx_word' id='word_1_249' title='bbox 1002 4068 1112 4139; x_wconf 81' lang='lat' dir='ltr'><strong>Tarda</strong></span> <span class='ocrx_word' id='word_1_250' title='bbox 1120 4091 1167 4143; x_wconf 79' lang='lat' dir='ltr'><strong>ex</strong></span> <span class='ocrx_word' id='word_1_251' title='bbox 1180 4068 1325 4163; x_wconf 66' lang='lat' dir='ltr'><strong>cineam,</strong></span> 
     </span>
    </p>
   </div>
   <div class='ocr_carea' id='block_1_5' title="bbox 89 4279 401 4411">
    <p class='ocr_par' dir='ltr' id='par_1_7' title="bbox 89 4279 401 4411">
     <span class='ocr_line' id='line_1_31' title="bbox 89 4279 183 4329; baseline -0.032 -9"><span class='ocrx_word' id='word_1_252' title='bbox 89 4284 103 4329; x_wconf 82' lang='lat' dir='ltr'><strong>n</strong></span> <span class='ocrx_word' id='word_1_253' title='bbox 119 4280 147 4319; x_wconf 92' lang='lat' dir='ltr'><strong>v.</strong></span> <span class='ocrx_word' id='word_1_254' title='bbox 164 4279 183 4318; x_wconf 81' lang='lat' dir='ltr'><strong>r.</strong></span> 
     </span>
     <span class='ocr_line' id='line_1_32' title="bbox 92 4361 401 4411; baseline -0.016 -9"><span class='ocrx_word' id='word_1_255' title='bbox 92 4361 401 4411; x_wconf 68' lang='lat' dir='ltr'><strong>smnmnmmm</strong></span> 
     </span>
    </p>
   </div>
   <div class='ocr_carea' id='block_1_6' title="bbox 1202 4415 1245 4489">
    <p class='ocr_par' dir='ltr' id='par_1_8' title="bbox 1202 4415 1245 4489">
     <span class='ocr_line' id='line_1_33' title="bbox 1202 4415 1245 4489; baseline 0.023 -1"><span class='ocrx_word' id='word_1_256' title='bbox 1202 4415 1245 4489; x_wconf 81' lang='lat' dir='ltr'><strong>ta</strong></span> 
     </span>
    </p>
   </div>
   <div class='ocr_carea' id='block_1_7' title="bbox 0 0 1523 4844">
    <p class='ocr_par' dir='ltr' id='par_1_9' title="bbox 0 0 1523 4844">
     <span class='ocr_line' id='line_1_34' title="bbox 0 0 1523 4844; baseline 0 0"><span class='ocrx_word' id='word_1_257' title='bbox 0 0 1523 4844; x_wconf 95' lang='lat' dir='ltr'><strong> </strong></span> 
     </span>
    </p>
   </div>
  </div>
 </body>
</html>
