3022 4844
609 290 654 299 -
678 252 743 319 2l3
768 286 812 299 -

205 399 337 465 EDITIO
358 394 558 458 vaticaria
925 387 1056 449 GODEX
1078 385 1099 445 P

190 567 268 629 Diei.
285 567 315 639 9,
329 566 387 625 ori.
401 560 478 622 unic.
494 576 521 633 q.
536 560 565 617 9.

105 660 167 722 Aa
180 656 249 717 aliis
261 649 431 714 substantiis
444 664 532 722 quam
546 643 658 721 enodis

130 747 273 820 comoda
285 757 341 816 per
353 736 472 799 ordines
484 735 636 811 distinqui.

275 827 324 904 (in
344 825 483 902 conclus.)

116 1000 686 1075 Exhiemaniieetaeuutquaetangun·
766 989 813 1048 Ex
835 988 880 1047 hia
900 984 1053 1046 manifesta
1076 992 1143 1047 aunt
1164 1003 1239 1061 quae
1264 993 1330 1047 tan·

68 1107 129 1163 tur
144 1102 175 1161 in
188 1100 297 1159 littera.
313 1091 330 1128 *
724 1086 831 1151 guntur
844 1077 874 1135 in
888 1076 995 1135 littera.
1016 1075 1080 1135 Hoc
1101 1076 1193 1135 solum
1207 1074 1328 1136 sufficiat

724 1167 762 1226 ad
782 1181 917 1239 praesens
938 1180 1081 1238 exponere
1102 1163 1264 1225 denomino
1278 1165 1328 1225 Se-

720 1254 844 1328 raphim.
860 1251 1026 1326 Aliquando
1040 1255 1116 1312 enim
1129 1255 1158 1311 in
1175 1253 1327 1327 Scriptura

720 1343 827 1416 legitur
850 1341 999 1415 Seraphim
1013 1358 1066 1415 per
1080 1342 1122 1415 N,
1143 1348 1173 1401 et
1193 1348 1261 1400 tunc
1283 1347 1329 1400 θεῖ

719 1429 840 1504 pluralia
865 1432 976 1489 numeri
1010 1437 1040 1490 et
1076 1432 1172 1490 neutri
1201 1429 1327 1505 generis,

721 1526 750 1578 θῖ
775 1519 821 1597 (1)
850 1517 995 1592 significat
1022 1525 1134 1578 coetum
1162 1519 1329 1593 angelorum

720 1608 798 1666 illius
812 1607 930 1667 ordinis.
944 1606 1107 1680 Aliquando
1122 1606 1168 1683 (2)
1189 1606 1327 1665 scribitur

720 1711 773 1770 per
799 1696 844 1768 M,
868 1703 898 1755 et
918 1701 985 1754 tunc
1006 1702 1050 1754 eet
1069 1696 1190 1769 pluralis
1217 1695 1329 1754 numeri

722 1789 751 1843 et
785 1785 935 1843 masculini
969 1785 1101 1858 generis,
1131 1790 1161 1844 et
1184 1782 1329 1857 significat

723 1872 841 1945 angelos
877 1874 925 1930 in·
945 1873 995 1931 illo
1032 1872 1133 1931 ordine
1167 1878 1327 1931 contentos.

722 1959 888 2033 Aliquando
918 1961 1024 2035 legitur
1052 1959 1174 2034 Seraph,
1203 1965 1232 2019 et
1255 1965 1324 2018 tunc

725 2055 769 2108 θεῖ
796 2049 950 2121 singularia
980 2049 1092 2108 numeri
1120 2054 1150 2107 et
1177 2047 1327 2107 masculini

724 2138 846 2210 generis,
871 2144 901 2196 et
929 2135 1073 2212 significat
1093 2139 1227 2212 angelum
1249 2137 1327 2196 illius

729 2223 848 2285 ordinis.

144 2354 226 2416 Dat.
243 2357 291 2428 25,
304 2322 384 2430 aas.
399 2360 427 2428 2,
444 2362 499 2418 art.
518 2362 545 2428 1,
560 2376 587 2432 q.
605 2360 632 2418 θ.

74 2444 134 2505 Aa
148 2443 269 2503 liberum
278 2445 431 2504 arbitrium
442 2444 599 2505 comodum
610 2446 688 2520 quod

183 2531 304 2592 liberum
311 2533 408 2607 possit
420 2534 452 2592 in
465 2533 585 2594 maium.

275 2618 324 2696 (ia
335 2620 496 2697 fundam).

122 2786 317 2862 Unaquaeque
335 2788 466 2861 ponnus
491 2795 535 2848 est
561 2789 685 2864 comple·
765 2772 961 2848 Unaquaeque
984 2776 1115 2850 lmentia
1141 2782 1185 2835 iii
1202 2773 1326 2846 winili·

78 2876 140 2935 tior
162 2892 227 2934 cum
253 2878 404 2949 conjuncta
427 2882 471 2937 est
496 2892 549 2936 auo
571 2877 684 2951 objectu,
724 2863 782 2922 tior
802 2879 866 2922 cum
887 2866 1041 2936 conjuncta
1071 2870 1115 2923 est
1138 2880 1190 2923 suo
1214 2861 1327 2935 objecto

78 2963 227 3024 mediante
251 2971 319 3023 actu
331 3006 340 3036 ‚
366 2980 452 3038 quam
475 2980 541 3024 qum
562 2981 619 3024 non
639 2969 684 3025 est
723 2952 868 3011 mediante
892 2959 979 3026 actu,
1005 2969 1092 3024 quam
1113 2969 1178 3011 cnm
1205 2967 1262 3010 non
1283 2956 1328 3010 θεῖ

79 3053 256 3127 ωῃ3ηῃοω;
278 3068 348 3126 ergo
368 3053 393 3111 qi
414 3053 520 3112 malum
541 3053 682 3114 essetob.
723 3042 894 3112 conjuncta:
911 3056 980 3114 ergo
1000 3042 1024 3098 si
1050 3041 1156 3099 malum
1180 3048 1256 3100 esset
1276 3038 1327 3097 ob·

78 3140 188 3212 jectum
201 3139 289 3200 liberi
309 3139 424 3200 arbitrii
438 3141 595 3202 secundum
609 3142 686 3217 qnod
722 3130 832 3201 jectum
846 3127 931 3187 libili
947 3128 1061 3188 arbitrii
1076 3129 1231 3215 monadum
1249 3126 1327 3202 quod

78 3226 201 3287 liberum
216 3229 232 3263 *
247 3244 318 3303 crgo
330 3225 533 3290 insufficienter
553 3228 687 3291 diffinire·
729 3215 861 3289 liberum,
875 3216 1156 3277 itbemmarbitrium
1166 3220 1236 3297 iiiii
1249 3233 1325 3276 Μ·

80 3321 130 3375 tur
141 3318 179 3377 ab
192 3318 334 3377 Aneelmo
348 3332 413 3376 eum
426 3317 544 3391 dicitur,
559 3325 687 3393 potestas
723 3303 833 3376 plotius
846 3320 910 3363 cum
924 3305 1013 3364 iiiiii
1027 3306 1058 3364 ib
1071 3305 1195 3376 maluit·
1208 3304 1258 3365 seii
1272 3304 1326 3365 iiii

78 3406 210 3466 meandi
224 3403 441 3465 rectitudinem,
726 3395 767 3451 θεῖ
777 3391 887 3462 fabum
901 3392 1085 3463 manifestam
1096 3391 1144 3469 (3)
1157 3412 1165 3464 ;
1189 3410 1256 3469 erqo
1270 3401 1324 3455 ete.

724 3479 794 3538 Item
816 3479 844 3539 ei
871 3480 981 3540 moisem
1002 3486 1071 3542 essai
1085 3483 1224 3556 obiectum
1244 3483 1327 3544 liberi

721 3567 838 3627 urbini
852 3567 1010 3628 secundum
1020 3570 1098 3647 qued
1107 3571 1238 3640 liberum,
1250 3587 1321 3646 ergo

721 3653 923 3716 insufficienter
947 3656 1123 3719 diffiniretur
1137 3659 1174 3719 ab
1188 3659 1325 3721 Anaelmo

720 3758 785 3891 cuge
800 3743 926 3818 dieitur,
948 3754 1076 3820 potestas
1091 3747 1224 3807 servandi
1240 3750 1325 3809 recti·

721 3836 754 3890 tu
774 3833 862 3892 inem.

761 4016 788 4065 (1)
804 4017 859 4058 cod.
873 4019 909 4058 H:
926 4018 936 4040 ¹⁴
954 4022 979 4061 et
999 4022 1116 4071 almificat
1134 4026 1203 4063 terum
1226 4020 1321 4063 coetum

731 4080 875 4128 angelorum.
889 4082 1022 4131 Aliquando
1036 4096 1088 4127 nero
1105 4084 1219 4125 scribitur
1231 4094 1275 4134 per
1289 4085 1320 4129 id

735 4141 793 4199 tune
802 4142 838 4182 θεῖ
848 4171 859 4192 ,,
875 4144 920 4184 etc.

761 4204 789 4251 (2)
803 4203 882 4246 Codex
903 4206 935 4247 G:
959 4206 1111 4259 “Aliquando
1131 4220 1184 4248 rere
1204 4209 1319 4250 scribitur

732 4268 891 4314 cerlatune
911 4272 949 4310 θεῖ
963 4268 1065 4319 pinculi
1080 4268 1174 4312 numeri
1185 4299 1196 4321 „
1220 4272 1265 4312 etc.

759 4329 827 4375 t3t1n
842 4334 923 4374 codiee
938 4332 969 4372 G:
986 4334 1049 4374 “aed
1069 4334 1114 4374 hoc
1134 4335 1171 4374 θεῖ
1190 4333 1278 4374 laisum
1297 4336 1318 4372 ei

731 4395 832 4443 inuium
843 4403 899 4444 ergo
913 4397 957 4436 etc.
972 4423 983 4445 „
