3022 4844
613 282 658 291 -
680 247 723 311 49
746 281 791 292 ..

153 388 207 452 44.
233 385 461 473 Soplismata.
489 423 534 433 -
558 389 604 452 Ex
627 390 760 454 loanne
785 385 966 453 Francisco
991 386 1129 454 Pavido.

153 511 280 578 tilae
303 519 449 600 qaataor
481 511 635 600 operibns
658 512 907 600 relipiosornm.
934 549 978 559 -
1008 514 1054 578 Ex
1083 509 1203 579 eodem
1219 515 1253 578 F.
1282 516 1346 579 Pa-

61 629 162 699 vino.

154 759 207 824 43.
234 758 388 845 Epistola
411 757 457 825 ad
488 752 686 826 llliclrae'lem
710 761 951 847 Imperatorem
977 762 1190 828 Graecorum.
1231 797 1276 808 -
1300 764 1347 827 Ex

57 877 183 948 eodem
198 879 325 949 Pavino
348 891 381 949 et
405 885 502 950 Petro
526 878 733 970 Rodulphio.

154 1009 207 1073 44.
234 1009 280 1074 De
296 1005 457 1074 decisione
480 1028 593 1074 rernm
608 1008 769 1074 universi.
793 1043 838 1055 -—
853 1010 899 1073 Ex
922 1005 1046 1074 iisdem
1071 1007 1197 1075 Pavino
1222 1021 1254 1076 et
1278 1013 1346 1077 Ro-

57 1125 221 1218 dulphio.
856 1114 865 1137 ’

154 1257 208 1320 45.
234 1253 488 1323 Laudatoriam.
505 1291 550 1304 -
565 1258 611 1322 Ex
634 1253 803 1322 Ludovioo
828 1258 986 1323 Pruteno.

154 1381 207 1445 46.
244 1377 340 1446 Liber
381 1378 421 1447 de
462 1379 650 1447 imitatione
698 1378 833 1448 Claristi.
871 1416 915 1426 —
958 1382 1004 1446 Ex
1050 1379 1262 1447 Bernardino
1302 1380 1344 1447 de
1469 1456 1475 1466 ,

63 1481 191 1551 Bustis.

157 1611 210 1674 t7.
240 1609 486 1677 Commentario
524 1610 559 1676 in
593 1608 766 1677 duodecim
802 1608 987 1697 Prophetas
1025 1610 1180 1677 minores.
1221 1647 1265 1657 -
1300 1613 1346 1676 Ex

62 1733 198 1800 loanne
222 1731 389 1801 Mahusio.

155 1859 168 1922 4
176 1861 208 1924 8.
233 1857 480 1926 Commentario
505 1857 540 1924 in
563 1861 725 1925 Marcam.
748 1894 793 1905 —-
807 1860 854 1923 Ex
875 1855 996 1924 eodem
1018 1855 1185 1925 llahusio.

155 1985 209 2049 49.
238 1981 545 2053 Commentariain
568 1982 736 2070 Epistolas
767 1982 962 2051 Canoniaas.
994 2018 1039 2029 ·-
1067 1984 1113 2048 Ex
1134 1980 1253 2049 eodem
1274 1986 1342 2049 Ma·

11 2076 25 2151 s
66 2103 182 2173 husio.
302 2108 321 2144 ⁸
414 2100 418 2107 ’

10 2236 25 2315 ἑ,
151 2232 206 2296 20.
244 2228 481 2318 Compendiam
520 2229 695 2296 metricam
742 2228 980 2296 scholasticam
1019 2230 1195 2318 atrinsqne
1228 2233 1342 2297 Testo-

10 2352 21 2433 f'
63 2352 180 2432 menti,
208 2350 396 2442 incipiens:
424 2351 567 2420 Mandas
593 2351 632 2439 fit
656 2352 691 2418 in
710 2351 892 2441 principio.
928 2389 973 2400 -
997 2355 1043 2419 Ex
1068 2350 1158 2421 Sixto
1184 2352 1341 2420 Senensi.

156 2481 192 2544 24
203 2498 217 2543 ς
237 2478 351 2546 Sermo
375 2476 411 2544 in
436 2498 505 2563 quo
529 2475 657 2545 montio
682 2474 720 2544 fit
744 2475 786 2543 de
814 2473 1001 2564 multiplici
1025 2475 1169 2545 fratrum
1205 2476 1345 2546 dubita·

57 2601 153 2671 tione
165 2601 257 2670 circa
272 2622 313 2670 ea
327 2622 415 2688 quac
432 2601 468 2669 in
484 2600 605 2691 regula
621 2601 851 2679 continentur,
869 2600 959 2668 inter
972 2621 1030 2668 eos
1054 2614 1170 2669 exorta
1186 2615 1339 2692 tempore

11 2728 18 2737 '
56 2725 103 2796 fr.
138 2725 283 2794 loannis
313 2725 467 2794 Parentis
496 2725 673 2795 Generalis
706 2724 863 2792 Ministri.
889 2763 934 2773 —
964 2728 1010 2791 Ex
1043 2745 1126 2793 mss.
1169 2725 1343 2794 chronicis

54 2853 160 2920 XXIV
185 2849 422 2919 Ministrorum
446 2849 679 2919 Generalium.

148 2979 203 3043 22.
233 2973 460 3043 Tractatasde
483 2975 589 3062 sipnis
608 2974 868 3041 aniocrsalilns.
899 3011 943 3021 -—
967 2972 1108 3041 Extabat
1133 2971 1168 3039 in
1194 2972 1341 3041 Tabula-

55 3099 112 3170 rio
137 3097 313 3168 Asisien'si.
1314 3068 1318 3076 ’

136 3226 203 3295 23.
231 3221 444 3304 Qnaestiones
459 3242 561 3311 snper
584 3230 731 3310 qnatnor
756 3221 856 3289 libros
883 3222 1088 3309 Topicoram.
1115 3218 1268 3286 ——ibid

147 3350 203 3415 24.
231 3346 445 3428 Qaaestr'ones
467 3367 568 3434 saper
591 3355 738 3434 aaatnor
761 3344 862 3413 libros
885 3344 1139 3412 lttetlreororam.
1157 3383 1202 3392 -
1216 3343 1301 3411 ibid.

148 3475 203 3539 25.
231 3469 444 3552 Quaestiones
464 3491 566 3558 snper
595 3469 718 3538 librom
746 3469 787 3536 de
812 3469 1041 3537 Generatione.
1058 3506 1103 3516 -
1118 3467 1204 3535 ibid.

147 3599 202 3664 26.
234 3594 441 3664 Viridariam
465 3593 710 3662 consolationis.
728 3630 772 3641 -
786 3595 825 3660 In
839 3589 975 3661 siblios.
998 3592 1125 3672 Casio„
1139 3593 1340 3660 Veneto-Vi-

51 3739 182 3799 4400440,
200 3738 240 3786 aa
265 3715 456 3785 Turonensi
481 3720 513 3784 S.
541 3714 690 3784 Martini.

147 3847 202 3911 27.
228 3844 379 3930 Repnlae
404 3841 622 3930 tleolopicae.
648 3877 693 3888 ——
716 3843 755 3906 In
786 3838 922 3907 Bibliot.
949 3829 1135 3907 Parisien'si
1160 3838 1278 3928 Regia.

146 3971 202 4036 28.
228 3962 444 4055 Dc'qnatnor
466 3964 629 4054 pradilrns
651 3965 743 4032 oitae
770 3964 974 4054 spiritualis.
1000 4002 1045 4012 -
1069 3962 1153 4031 ibid.

146 4093 201 4159 29.
228 4091 368 4158 Samma
388 4089 655 4179 poenitentialis.
681 4126 727 4137 -
751 4086 836 4155 ibid.

144 4217 199 4282 30.
225 4213 396 4303 Epistolae
420 4212 630 4282 declarantes
662 4214 820 4300 repnlam
847 4213 883 4281 S.
909 4211 1105 4299 Anpnstini.
1131 4248 1176 4260 -
1210 4213 1250 4278 In
1281 4209 1340 4277 Bi·

50 4337 154 4410 bliot.
174 4337 365 4428 Trsjcctina
388 4336 431 4405 ad
457 4335 631 4435 Rhea-um.

1208 4430 1283 4512 ᾗ.
