3022 4844
10 1182 13 1225 :
58 1135 195 1218 tatibus,
220 1135 260 1205 in
282 1135 347 1207 boc
369 1159 440 1208 uno
464 1137 580 1208 codice
603 1148 790 1219 contentos,
807 1158 848 1206 ex
868 1158 926 1206 ore
941 1141 1198 1207 Bonaventurae
1211 1134 1326 1206 dicen·
1436 1175 1437 1178 =

51 1256 105 1329 'tis
125 1259 269 1351 excepit,
295 1260 381 1332 alios
403 1263 508 1333 etiam
531 1285 617 1351 quos
641 1263 681 1332 de
694 1263 818 1331 sanctis
833 1271 864 1330 et
879 1261 919 1329 de
933 1264 1101 1331 cemorani
1112 1264 1322 1342 Sanctorum,

10 1420 15 1487 ἑ
59 1382 164 1453 etde
199 1384 280 1455 aliis
302 1387 456 1458 materiis
491 1386 762 1478 quamplurimis
788 1396 820 1456 et
852 1385 997 1456 diversis
1025 1386 1170 1468 habuit,
1203 1385 1331 1476 pariter

10 1590 16 1625 P

608 280 651 293 ..
674 248 717 314 93
739 281 783 293 ..

53 391 151 472 bant,
177 388 328 480 propriis
350 386 547 478 vulgarium
571 385 754 457 hominum
777 408 953 457 recensere
981 397 1014 456 et
1037 387 1175 458 metiri?
1198 389 1327 460 Pudeat

54 514 187 587 ideirco
210 512 575 594 Oudinumeffutiisse,
593 534 663 582 non
686 511 769 582 satis
792 511 853 582 otii
866 516 1140 582 Bonaventuram
1163 513 1327 585 habuisse

56 637 102 709 ad
125 648 175 708 tot
188 636 369 707 conciones
383 635 571 719 habendas,
602 646 686 724 quot
707 635 740 704 ei
768 635 917 706 Romani
944 635 1090 706 editores
1120 637 1324 709 tribuerunt.

55 760 188 833 Pudeat
212 782 350 849 quoque
372 766 515 832 Venetos
537 759 686 831 editores
708 761 821 831 dicere
847 781 961 843 ausos,
987 759 1075 829 nihil
1098 740 1159 830 otii
1189 773 1329 832 nactum

56 882 166 955 fiune
180 866 456 956 Bonaventuram
480 885 523 956 ad
548 906 757 957 sermonese
777 883 917 976 publico
941 895 1106 974 suggestu
1121 874 1326 987 recitandos.

57 1009 345 1099 Quandoquidem
369 1013 400 1083 si
434 1011 526 1083 idem
549 1013 610 1101 qui
634 1034 809 1084 sermones
832 1013 871 1082 de
901 1023 1045 1103 tempore
1073 1021 1104 1080 et
1132 1012 1171 1081 de
1199 1013 1330 1101 [estivi-

10 1500 16 1583 ἰ.
58 1507 249 1603 excepisset
270 1519 303 1580 et
325 1510 362 1580 in
392 1512 612 1615 membranas
636 1509 831 1591 retulisset,
872 1519 919 1580 tot
952 1509 1099 1601 profecto
1124 1509 1330 1579 haberemus

63 1652 239 1704 sermones
262 1638 295 1705 S.
322 1640 577 1706 Bonaventurae
592 1620 794 1727 'germanos
821 1646 904 1723 quot
918 1635 1039 1705 saltem
1062 1645 1123 1716 ter,
1150 1632 1217 1703 nisi
1242 1631 1327 1701 sorte

13 1764 16 1771 '
67 1755 262 1844 quaterve!
285 1758 493 1847 quinquies,
519 1782 577 1831 eos
599 1782 745 1830 numero
768 1759 988 1840 excederent,
1014 1757 1076 1846 qui
1108 1758 1144 1826 in
1176 1761 1331 1827 Romana

64 1882 237 1952 habentur
258 1883 418 1954 editione.
445 1873 510 1955 Sed
535 1906 578 1954 ne
603 1885 763 1976 pluribus
787 1884 947 1955 lectorem
971 1884 1154 1965 detineam,
1173 1880 1330 1952 rubricas

21 2026 25 2035 ·
64 2028 278 2091 sermonum,
298 2021 399 2096 atque
412 2009 553 2089 initium
576 2019 609 2079 et
620 2009 726 2080 finem
746 2009 1019 2081 testimoniorum
1038 2030 1154 2079 sacrae
1174 2006 1330 2097 Scriptu-

19 2128 25 2235 s
62 2152 138 2214 rae,
170 2131 300 2220 quibus
329 2132 381 2201 illi
396 2133 602 2224 incipiunt,
635 2132 710 2224 ejus
734 2134 799 2207 sub
822 2133 940 2205 oculos
963 2155 1052 2225 pono
1075 2134 1111 2203 in
1135 2131 1245 2223 capite
1270 2151 1323 2202 se-

62 2255 194 2344 quenti.
224 2261 341 2326 Moneo
355 2267 480 2327 autem
505 2257 661 2348 singulas
690 2257 846 2328 rubricas
873 2258 1022 2350 singulis
1047 2256 1263 2328 sermonibus
1294 2252 1331 2321 in

45 2378 179 2451 ¹codice
209 2379 396 2471 praeponi,
423 2381 536 2469 iisque
564 2403 728 2451 numeros
759 2382 916 2464 ordinis,
958 2384 1086 2471 quibus
1108 2382 1331 2472 distinguun-

29 2498 115 2576 'tur
155 2515 192 2575 et
223 2515 477 2589 numerantur,
513 2505 661 2576 anobis
700 2505 833 2577 additos
869 2506 988 2578 fuisse.
1021 2512 1153 2589 Cetera,
1196 2513 1330 2596 praeter

53 2628 204 2703 titulum
235 2628 359 2721 capitis
383 2639 416 2700 et
446 2629 581 2717 aliquas
606 2628 743 2702 notulas
771 2630 814 2700 ad
843 2631 973 2703 calcem
1004 2632 1186 2724 subjectas,
1215 2629 1343 2719 ipsum,¹

11 2768 14 2773 '
48 2754 216 2831 codicem
246 2753 393 2826 fideliter
422 2753 584 2825 referunt.
