3022 4844
574 279 617 290 -
642 245 705 308 mr
731 279 766 287 -

86 386 222 489 {nescii
264 385 304 461 in
346 384 551 515 retiorpibus
595 382 771 473 aeternis,
818 381 937 458 multo
977 380 1114 458 'fortius
1152 382 1230 458 alii.
1274 336 1339 459 si'

89 553 131 604 as
172 527 270 627 quod
306 514 424 626 cogno
518 586 554 633 ,Ι
621 530 691 626 'per
732 521 933 615 effectum,
974 524 1147 625 objicitur
1184 529 1316 601 contra

86 693 100 744 3
136 667 398 769 AugustinuS,
438 648 526 767 quia
566 666 662 766 quod
694 664 797 741 nullo
828 666 936 742 modo
969 665 1220 764 cognoscitur,
1258 690 1319 741 ne·

86 813 149 885 tur
189 808 279 909 quid
322 810 369 885 eb
409 832 453 884 eo
494 805 702 883 efficiatur:
751 805 784 880 si
829 805 929 881 enim
972 804 1095 880 nescio
1139 805 1228 904 quid
1267 806 1319 882 sit

86 974 157 1041 mo,
192 973 397 1050 numquam
427 949 504 1026 scio
536 949 624 1048 quid
656 948 707 1024 sit
739 949 784 1023 cb
812 947 975 1023 homine.
1007 945 1111 1046 Ergo
1137 947 1170 1021 si
1214 947 1318 1048 prius

86 1116 123 1167 u.
136 1092 295 1168 habetur
319 1062 524 1168 -ncotie'ssoe
545 1092 608 1191 J'us
627 1089 710 1180 itia,
742 1100 934 1188 nunquam
961 1088 1101 1164 scietur
1125 1087 1222 1188 quod
1246 1087 1317 1165 hoc

85 1231 98 1306 l
136 1233 228 1309 illud
268 1202 336 1310 fiat
377 1233 423 1309 eb
463 1232 541 1308 illu
584 1231 720 1309 Restat
750 1254 839 1331 ergo
874 1230 973 1330 quod'
1003 1229 1239 1329 cognoscitur
1278 1230 1318 1306 in

86 1373 179 1450 tione
215 1378 379 1451 aeterna.
419 1372 600 1451 Similiter
627 1375 749 1474 potest
776 1371 884 1470 argui
916 1370 961 1445 de
991 1369 1165 1469 quolibet·
1199 1368 1320 1447 forma

86 1515 264 1616 telligibili
297 1514 547 1606 substantiali,
592 1539 635 1590 ac
670 1538 735 1614 per
773 1512 844 1588 hoc
884 1512 928 1586 de
969 1512 1070 1587 omni
1108 1511 1321 1611 cognitione

86 1657 308 1734 rtitudinoli.

143 1799 209 1879 25.
240 1801 351 1889 Item,
386 1799 482 1875 sicut
513 1798 613 1874 Deus
645 1791 702 1872 est
730 1821 843 1872 cause
871 1796 1028 1887 essendi,
1050 1795 1106 1872 ita
1138 1800 1194 1871 est
1221 1796 1321 1872 ratio
1378 1894 1381 1899 Ι

86 1940 285 2041 telligendi,
322 1944 360 2016 et
391 1940 479 2017 ordo
511 1938 683 2031 vivendi;
717 1938 781 2014 sed
814 1939 912 2014 Deus
944 1937 1003 2013 sic
1034 1940 1090 2013 est
1123 1960 1235 2013 causa
1267 1959 1323 2012 es·

86 2081 158 2174 ndi,
192 2083 289 2182 quod
322 2081 417 2159 nihil
455 2085 577 2183 potest
612 2082 658 2156 ab
694 2079 819 2180 eliqua
853 2076 914 2183 (1)
942 2104 1055 2155 causa
1087 2078 1198 2169 effici,
1227 2078 1322 2178 quin
1364 2077 1368 2086 '

86 2248 119 2299 se
136 2224 258 2326 seipso
285 2227 323 2300 et
349 2247 418 2298 sue
442 2226 595 2300 aeterna
621 2223 763 2298 virtute
790 2224 940 2298 moveat
967 2225 1204 2323 operantem
1232 2244 1321 2320 ergo

86 2363 136 2439 hil
165 2367 289 2466 potest
314 2363 476 2466 intelligi
508 2363 599 2465 quin
626 2363 705 2465 ipse
735 2389 803 2440 sua
828 2363 975 2439 uirtute
1002 2362 1217 2438 immediate
1235 2361 1324 2437 illu-

86 2509 136 2582 ret
167 2505 459 2606 intelligentem.

146 2648 212 2728 26.
263 2649 385 2738 Item,
427 2647 573 2724 nullum
611 2671 677 2723 ens
714 2645 940 2723 defectivum
978 2645 1213 2746 cognoscitur
1253 2644 1326 2719 nisi

86 2814 110 2863 er
145 2814 211 2865 ens
250 2786 474 2890 perfectum,
515 2789 580 2864 sed
619 2810 728 2864 omne
767 2810 900 2863 verum
939 2789 1105 2862 creatum
1145 2756 1328 2885 quantum

86 2931 176 3006 tde
207 2955 261 3021 se,
296 2931 450 3007 tenebre
481 2933 538 3006 est
569 2933 607 3005 et
644 2927 829 3021 deiectus3
872 2951 960 3028 ergo
1000 2926 1095 3004 nihil
1134 2928 1174 3002 in
1214 2925 1327 3023 intel·
1438 2937 1439 2940 ’

86 3074 144 3147 ctu
175 3071 275 3147 cadit
306 3071 379 3148 nisi
410 3097 476 3173 per
507 3070 601 3147 illud
637 3094 769 3147 verum
800 3092 1003 3147 summum.
1219 3126 1221 3131 .

143 3210 216 3290 27.
258 3213 365 3310 Item,
403 3213 499 3289 nihil
538 3217 639 3289 recte
678 3210 737 3318 (2)
771 3218 808 3289 et
847 3211 1159 3290 certitudinaliter
1197 3231 1331 3308 cogno·

86 3353 173 3446 itur,
209 3354 283 3430 nisi
315 3353 521 3455 applicetur
557 3354 603 3430 cd
641 3354 812 3456 regulum
849 3378 944 3455 quae
983 3351 1086 3430 nullo
1117 3350 1225 3427 modo
1266 3371 1332 3450 po-

86 3497 116 3570 st
148 3494 351 3596 obliquari3
386 3496 478 3572 hoec
510 3488 636 3574 autem
653 3497 799 3597 ‚regule
831 3521 905 3574 non
930 3498 987 3573 est
1025 3493 1099 3571 nisi
1138 3491 1206 3568 illa
1238 3514 1332 3591 quae

86 3637 295 3715 sentieliter
326 3640 383 3714 est
413 3639 495 3740 ipsa
528 3639 725 3731 rectitudo,
760 3639 922 3716 ethaeo
954 3638 1117 3715 nonest
1153 3633 1227 3709 nisi
1264 3654 1334 3706 ve-

86 3781 139 3855 us
167 3782 210 3854 e't
249 3778 345 3854 ratio
377 3783 550 3871 aeterna,
594 3804 682 3881 ergo
709 3779 804 3857 nihil
830 3776 1155 3856 -certitudmaliier
1195 3794 1333 3873 cogno·

86 3916 177 4006 itur,
214 3885 288 3992 nisi
321 3915 528 4018 applicetur
560 3917 607 3994 ad
639 3917 809 4018 regulam
838 3919 1045 4023 aeternam.
1224 4006 1229 4015 ι

149 4057 218 4137 28.
250 4059 359 4150 Item,
391 4083 478 4135 cum
509 4059 646 4163 duplex
672 4061 723 4137 sit
749 4060 869 4162 portio
901 4060 1063 4149 animae,
1094 4053 1263 4157 superior
1295 4055 1333 4128 et

86 4298 97 4342 .)
113 4295 171 4335 cod.
185 4295 217 4334 B:
236 4295 265 4334 sb
281 4297 335 4336 alra.

88 4379 95 4424 l
111 4377 170 4418 cod.
187 4377 220 4415 B:
232 4376 295 4417 nihil
306 4383 367 4419 reru.
