3022 4844
605 254 816 321 -299-

63 392 111 462 ad
137 400 269 461 statum
292 389 470 480 discipuli;
490 387 642 460 secundo
657 412 679 461 a
694 390 1009 463 communicatione
1030 391 1217 473 doetrinae,
1237 414 1346 479 quan·

64 524 142 586 tum
166 514 212 584 ad
241 524 369 584 statum
394 513 543 588 doctoris
568 512 662 603 (l)...
690 538 708 581 »

154 636 200 725 ec)
224 637 388 706 «Fratris
412 636 639 706 Eustachii.»
663 676 708 687 -
733 637 877 727 Incipit:
904 643 1017 706 «Esto
1038 639 1149 726 fidelis
1172 660 1277 727 nsque
1301 640 1346 708 ad

13 744 19 753 ¹
65 772 207 831 mortem
235 772 267 830 et
295 762 378 831 dubo
408 762 471 830 tibi
500 784 656 830 coronam
677 763 768 830 vitoe
792 771 853 831 ete.
883 760 975 851 (2)...
1006 764 1079 830 Duo
1110 772 1273 831 notantur
1308 762 1345 830 in

66 883 168 953 verbo
183 883 372 973 proposito.
385 883 499 952 Primo
516 882 610 952 enim
625 883 793 953 Dominus
807 883 955 972 explicat
966 883 1120 953 officium
1141 906 1222 953 cum
1247 884 1341 953 dicit:

65 1012 142 1077 Esto
170 1007 282 1097 fidelis
307 1030 411 1098 usquc
441 1008 487 1076 ud
512 1018 652 1076 mortem
686 1007 843 1077 Secundo
870 1007 1018 1077 ostendit
1042 1008 1237 1097 praemium
1262 1029 1343 1077 cum

63 1130 162 1200 dicit:
189 1131 329 1199 cedato
354 1131 425 1225 ¹tibi
450 1141 515 1199 ete.
547 1129 747 1199 Secundum
772 1130 836 1199 hoc
860 1130 1123 1199 commendatur
1146 1131 1267 1200 beatus
1283 1136 1343 1199 Pe-

66 1264 143 1323 trus
167 1265 300 1343 martyr
323 1276 343 1323 a
366 1253 504 1323 duobus
532 1254 568 1321 in
594 1253 706 1322 verbis
730 1253 927 1344 propositis
954 1254 1067 1344 primo
1091 1277 1112 1322 a
1144 1255 1232 1323 vitae
1262 1276 1344 1323 san-

61 1378 193 1459 ditate,
218 1377 371 1447 secundo
395 1400 415 1447 a
439 1376 569 1468 gloriae
592 1378 807 1448 exaltatione.
833 1383 896 1447 Per
927 1399 1089 1448 coronam
1113 1390 1229 1448 autem
1254 1400 1344 1465 quae

59 1513 157 1572 caret
182 1500 353 1592 principio
376 1512 410 1571 et
431 1501 513 1583 fine,
540 1501 701 1592 signatur
723 1502 792 1571 vita
805 1513 943 1571 aeterna
948 1556 1014 1570 .....
1043 1526 1061 1569 t>

151 1624 192 1714 p)
215 1646 234 1689 «
258 1629 371 1695 Bonae
394 1635 579 1694 aventurae
602 1625 639 1694 in
663 1624 748 1693 sesto
772 1625 951 1714 beatorum
975 1625 1064 1695 Petri
1083 1635 1116 1694 et
1132 1625 1241 1696 Pauli.
1263 1648 1280 1692 »
1298 1664 1343 1674 -

62 1746 205 1837 Incipit:
226 1750 320 1817 «Isti
344 1760 422 1817 sunt
436 1728 501 1818 duo
527 1750 596 1837 fittt
613 1750 689 1829 otei,
714 1750 776 1839 qni
792 1750 953 1818 assistunt
974 1750 1177 1818 dominatori
1205 1751 1343 1823 unitur-

58 1894 122 1941 sae
143 1882 256 1940 terroe
275 1870 394 1961 (3).1n
418 1871 474 1940 his
499 1871 611 1941 verbis
635 1871 924 1941 commendantur
947 1872 1097 1961 Apostoli
1121 1871 1235 1957 quoad
1258 1871 1340 1951 duc,

62 1992 199 2063 scilicet
221 1992 384 2062 meritum
406 1994 575 2084 perfectae
598 1994 746 2064 virtutis:
772 1996 838 2063 Isti
862 2005 940 2064 sunt
970 1995 1036 2063 duo
1059 2006 1147 2075 etc,
1170 2006 1202 2062 et
1226 1994 1341 2079 quoad

60 2115 221 2187 officium
242 2116 389 2186 eximiae
412 2117 611 2210 dignitatis:
638 2121 700 2209 qui
723 2120 886 2187 assistunt
909 2123 975 2187 Deo
1003 2128 1067 2187 etc.
1101 2117 1199 2187 Ratio
1236 2118 1341 2207 primi

60 2251 130 2321 est,
156 2240 238 2326 quia
259 2240 334 2311 oleo
370 2241 504 2312 utimur
538 2242 583 2311 ad
607 2242 696 2322 tria,
724 2241 855 2310 scilieet
879 2241 921 2309 ad
947 2241 1240 2311 medicamentum
1265 2241 1341 2310 vnl—
1405 2274 1409 2281 ·

61 2362 171 2446 neris,
196 2365 448 2435 nutrimentum
473 2365 629 2447 luminis,
657 2365 919 2435 condimentum
945 2365 1015 2434 sive
1053 2365 1340 2435 delectamentum

62 2488 272 2559 relectionis.
301 2489 396 2559 Unde
419 2511 481 2579 per
503 2489 618 2558 oleum
651 2490 739 2559 bene
771 2490 942 2580 figuratur
973 2489 1085 2579 gratia
1109 2511 1257 2571 sananS,
1285 2512 1341 2558 sa-

59 2612 192 2701 pientia
215 2612 406 2694 illustrans,
434 2612 625 2703 spiritualis
649 2613 777 2683 laetitia
801 2613 960 2683 reficiens
983 2624 1016 2683 et
1039 2613 1224 2682 delectans.
1253 2635 1271 2678 »

148 2731 187 2821 z)
201 2730 451 2822 «magdalenae
475 2737 732 2801 Bonaventurae
755 2732 818 2823 (4).
846 2756 927 2801 »-
950 2732 1059 2822 lncip.
1091 2754 1109 2797 a
1126 2734 1225 2802 Stans
1250 2742 1339 2800 retro

54 2878 154 2925 secus
171 2856 278 2946 pedes
301 2857 445 2937 Donnim',
472 2858 633 2946 lucrymis
657 2859 763 2947 coepit
785 2859 901 2947 ripere
920 2857 1023 2947 pedes
1048 2857 1120 2946 ejus
1149 2865 1180 2923 et
1204 2856 1341 2946 cupillis

56 2980 183 3070 eapitis
211 2980 285 3068 ejus
314 2980 475 3068 torpebat,
502 2989 534 3046 et
557 2981 776 3049 osculabatur
798 2981 901 3071 pedes
924 2982 1009 3069 ejus,
1032 2992 1063 3048 et
1086 2989 1257 3069 coquente
1276 3003 1340 3048 uu-

54 3104 159 3193 petat
183 3101 248 3191 (ὅ).
276 3105 376 3171 Stans
399 3112 514 3172 autem
537 3109 639 3172 Jesus
657 3103 764 3193 jussit
787 3125 910 3174 coecus
934 3104 1062 3174 adduci
1086 3103 1129 3172 ad
1155 3125 1190 3173 se
1213 3102 1275 3192 (6).
1298 3107 1339 3172 In

53 3222 240 3314 evangelio
275 3222 426 3314 legitur,
452 3225 544 3312 quod
580 3236 778 3297 transeunte
811 3227 955 3296 Domino
987 3249 1048 3316 per
1082 3226 1200 3308 viam,
1228 3225 1339 3295 stabat

54 3368 184 3417 coecus
208 3368 310 3416 secus
332 3346 436 3417 viam.
464 3352 590 3419 Coecus
613 3349 678 3419 iste
702 3349 860 3440 designat
884 3372 995 3441 genus
1028 3350 1236 3428 humanum,
1266 3349 1338 3416 sive

54 3470 175 3541 omnis
198 3469 260 3557 qui
285 3469 417 3562 indiget
440 3471 634 3542 illuminari
657 3473 853 3564 cognitione
878 3473 1090 3544 divinorum:
1121 3473 1181 3560 qui
1215 3480 1331 3541 autem

55 3604 196 3685 reputat
231 3614 268 3662 se
305 3615 375 3664 non
414 3595 570 3687 indigere
599 3596 854 3668 illuminatione
893 3597 1101 3689 cognitionis
1138 3594 1338 3664 divinorum

53 3734 182 3784 coecus
204 3724 257 3783 est
279 3727 313 3783 et
336 3714 524 3805 plusquam
548 3738 671 3786 coecus
676 3772 743 3786 .....
770 3723 810 3788 In
835 3717 949 3788 verbis
973 3718 1049 3787 istis
1073 3716 1237 3787 laudatur
1265 3713 1338 3804 glo·

76 3964 105 4013 u)
121 3964 209 4004 sermo
227 3963 275 4002 ute
291 3964 381 4012 passim
394 3966 500 4011 mutilus,
516 3976 543 4006 ac
563 3967 597 4006 tta
606 3967 718 4008 mendose
734 3967 869 4017 descriptus
884 3968 911 4007 ut
928 3967 1081 4016 praecedens.

76 4042 107 4091 (nt
121 4043 198 4091 Apoc-
216 4042 237 4085 ἲ,
255 4049 278 4081 v.
294 4042 328 4081 10.

10 4127 13 4179 ζ
75 4123 107 4172 (8)
120 4120 197 4162 zoen.
216 4121 238 4166 4,
254 4130 280 4163 v.
297 4122 330 4161 14.

73 4202 106 4251 (4)
120 4200 200 4246 mest,
212 4200 240 4239 ln
252 4199 315 4240 {esto
329 4201 352 4243 8.
366 4201 453 4243 Menoe
468 4204 611 4254 Maqdatmao
625 4214 702 4246 sermo
716 4207 890 4247 Beneventum.

10 4260 14 4265 ¹
73 4282 105 4331 (tt)
119 4280 184 4321 Luc.
206 4279 226 4323 t,
243 4287 267 4319 v.
281 4279 315 4320 38.

74 4362 106 4411 tlt)
120 4360 185 4402 Luc.
206 4358 241 4406 1⁸.
257 4366 282 4400 v.
297 4358 332 4401 4⁰.
