3022 4844
668 271 713 280 ..
736 237 800 301 225
824 271 869 280 -

108 374 236 464 se'(l):
263 372 358 443 unde
381 372 477 443 nefas
509 385 598 444 essct
630 372 803 463 suspicari
832 394 925 451 eum,
957 374 993 441 in
1028 373 1186 443 doctrina
1211 376 1297 447 tanti
1328 398 1401 446 mo

110 498 236 575 menti,
261 497 314 567 uti
337 519 378 566 ea
399 507 451 567 est
472 519 562 584 quae
588 498 741 567 rationes
752 474 996 587 'cognoscendi
1020 508 1052 566 et
1076 498 1320 568 certitudinem
1345 522 1402 569 co-

111 622 283 713 gnitionis
306 622 457 712 respicit,
484 625 657 692 sententiis
685 633 717 692 et
746 623 974 691 comrouue'lus
999 625 1239 711 rncpc'rtrorum
1270 628 1401 715 opinio-

112 746 214 813 nibus
243 766 320 814 non
342 744 564 836 adhaesisse(
588 745 612 835 ).
1278 734 1281 741 ¹

205 874 239 938 2.
266 872 350 939 llam
376 890 437 959 per
464 870 704 958 aetatemque
731 870 813 938 vixit
842 880 874 938 et
889 869 1008 939 docuit
1034 872 1242 961 Seraphicus
1267 879 1398 951 Ductor,

116 992 198 1081 plus
224 992 324 1062 valde
347 994 520 1063 tributum
549 980 656 1064 fuisse
695 994 870 1064 doctrinae
903 993 1114 1093 theologicae
1137 1005 1170 1063 et
1193 995 1402 1066 christianae

119 1114 362 1206 philosophiae
389 1116 627 1208 explicandae,
653 1138 759 1205 quarn
781 1118 1030 1208 posterioribus
1054 1118 1148 1187 hisce
1173 1120 1399 1208 temporibus:

119 1250 220 1327 atque
247 1239 325 1309 ideo
361 1240 606 1333 profundiores
633 1241 670 1309 in
703 1240 764 1308 illa
796 1262 904 1326 quam
941 1241 977 1308 in
1009 1252 1125 1320 nostra
1156 1251 1263 1311 aetate
1296 1242 1403 1311 luisse

124 1362 300 1455 theologos
324 1376 425 1451 atque
449 1363 686 1455 philosophos.
720 1369 752 1432 S.
781 1369 1054 1433 Bonaventuram
1091 1387 1181 1445 vero,
1221 1388 1328 1451 aeque
1363 1390 1403 1435 ac

125 1474 154 1555 S
189 1487 332 1568 Thema,
360 1488 661 1558 accuratissimum
699 1498 731 1556 et
765 1486 1077 1577 profundissimum
1103 1488 1209 1558 fuisse
1233 1489 1270 1556 in
1300 1512 1404 1576 quae-

122 1612 296 1682 stionibus
328 1613 574 1703 expendendis
613 1624 645 1681 et
683 1612 725 1681 ad
760 1632 918 1681 normam
956 1612 1144 1682 catholicae
1183 1614 1332 1683 veritatis
1372 1626 1404 1684 et

118 1734 174 1805 SS.
211 1740 354 1806 Patrum
378 1736 554 1807 doctrinae
582 1731 805 1806 resolvendis.
837 1737 1068 1819 Quamobrem
1093 1736 1193 1806 illum
1228 1738 1404 1807 doctrinae

119 1857 336 1928 universalis
373 1858 544 1928 Ecclesiae
583 1861 618 1928 in
665 1860 738 1929 suis
776 1861 920 1950 scriptis
957 1860 1152 1941 adversari,
1194 1862 1261 1929 nisi
1294 1862 1336 1929 de
1369 1884 1405 1930 re

115 1994 262 2075 agatur,
289 1984 381 2053 circa
404 2004 509 2070 quam
533 1982 602 2053 fere
626 2006 747 2053 omnes
770 2006 856 2053 suae
880 1985 1000 2053 aetatis
1022 1984 1178 2054 doctores
1202 1986 1401 2067 erraverint,

106 2108 168 2178 vel
202 2106 381 2198 suspicari
407 2129 545 2177 summa
568 2120 657 2179 esset
681 2108 820 2199 injuria,
847 2127 953 2194 quarn
985 2107 1110 2176 inferre
1141 2130 1209 2176 non
1246 2120 1401 2199 possunt,

106 2231 188 2301 nisi
223 2231 285 2317 qui
324 2230 522 2300 doctrinam
559 2231 766 2321 profundam
810 2242 842 2299 et
880 2230 1192 2320 profundissimum
1232 2232 1404 2302 doctorem

111 2366 284 2424 nostrum
309 2353 403 2424 haud
427 2354 613 2424 orthodoxe
636 2355 846 2445 intelligunt.

211 2482 245 2546 3.
277 2482 359 2547 Tam
384 2478 565 2549 addictum
581 2478 687 2549 fuisse
716 2484 748 2548 S.
767 2484 1044 2549 Beneventuram
1071 2484 1103 2547 S.
1122 2481 1304 2570 Augustini
1320 2482 1406 2550 scri-

111 2601 189 2695 ptis
213 2611 247 2669 et
271 2600 467 2683 doctrinae,
503 2624 610 2689 quem
633 2602 779 2693 ipsemet
803 2602 908 2672 veluti
947 2604 1139 2672 maximum
1174 2603 1263 2671 inter
1286 2625 1406 2671 onmes

112 2722 295 2807 Ecclesiae
321 2723 477 2794 doctores
501 2736 683 2797 veneratur
705 2726 767 2815 (3),
799 2738 837 2796 ut
870 2726 1013 2817 perinde
1037 2750 1076 2796 ac
1100 2728 1176 2817 ejus
1211 2726 1406 2815 discipulus

115 2846 370 2940 agnoscendus
390 2850 450 2930 sit;
478 2862 581 2937 atque
602 2849 775 2940 ejusmodi
789 2850 933 2940 ingenii,
952 2850 1157 2920 eruditionis
1178 2863 1211 2918 et
1233 2849 1407 2919 fidelitatis

116 2970 332 3063 discipulus,
362 2984 401 3042 ut
429 2972 531 3063 longe
568 2972 694 3044 melius
722 2996 829 3060 quam
853 2974 913 3043 alii
942 2975 1118 3063 permulti,
1150 2975 1210 3061 qui
1239 2997 1278 3044 eo
1309 2975 1407 3045 titulo

119 3090 277 3183 gaudere
300 3112 370 3161 non
394 3104 562 3180 possunt,
589 3093 747 3184 magistri
772 3094 828 3163 sui
848 3095 1030 3184 Augustini
1055 3106 1205 3164 mentem
1229 3096 1304 3186 ipse
1330 3116 1407 3185 per-

118 3214 274 3305 spexerit
296 3225 398 3302 atque
422 3215 588 3286 retulerit.

214 3344 247 3407 l.
278 3338 579 3420 Quemadmodum
604 3341 763 3410 homines
786 3353 819 3410 et
848 3342 956 3412 sacris
980 3343 1100 3412 Literis
1133 3344 1234 3413 abusi
1259 3345 1407 3414 suntad

121 3463 298 3531 immanes
323 3484 458 3532 errores
487 3463 808 3546 defendendOS‚·ita
836 3466 930 3535 haud
956 3466 1085 3536 mirum
1113 3478 1180 3550 est,
1208 3468 1300 3555 quod
1324 3491 1409 3537 sana

122 3594 157 3654 et
188 3584 360 3654 catholica
384 3585 552 3669 doctrina,
569 3610 676 3675 quam
701 3588 804 3658 tradit
830 3589 1039 3679 seraphicus
1063 3595 1195 3671 Ductor,
1223 3591 1313 3660 male
1332 3591 1409 3677 qui-

122 3708 208 3777 dam
231 3709 288 3780 usi
316 3721 349 3778 et
371 3710 471 3780 usuri
495 3711 575 3781 sint.
1423 3696 1426 3702 ¹

219 3831 281 3900 His
310 3834 531 3923 praenotatis,
562 3837 675 3926 capita
698 3838 881 3923 quaedam,
911 3860 980 3907 non
1010 3840 1143 3922 omnia,
1171 3839 1347 3909 doctrinae
1373 3846 1405 3909 S.

123 3959 385 4025 Bonaventurae
408 3956 444 4037 in
470 3959 626 4045 sequenti
660 3961 860 4048 quaestione
893 3972 1076 4044 contenta,
1105 3964 1152 4032 ita
1177 3964 1409 4056 perstringere

153 4186 184 4234 (1)
198 4186 286 4227 θοιιίοτ
301 4187 412 4228 demonis
427 4189 497 4238 aptet.
513 4192 542 4231 ed
556 4192 673 4241 quendem
687 4194 715 4234 tr.
729 4193 846 4236 Minorem
860 4195 1003 4245 Lugdunum
1017 4196 1122 4237 missum.

151 4268 181 4315 (2)
196 4267 225 4305 In
237 4267 307 4308 tnltto
320 4269 414 4319 Prologt
429 4272 536 4313 encedoti
550 4273 573 4314 S.
586 4274 767 4315 Beneventum
783 4275 840 4315 tun
855 4276 961 4318 sentent.
976 4277 1034 4318 Vide
1049 4288 1101 4328 pag.
1117 4278 1162 4325 198,
1177 4280 1222 4328 199,
1236 4289 1259 4319 n.
1277 4289 1307 4320 ιν.

158 4342 191 4393 (8)
206 4344 264 4387 vide
277 4346 340 4388 inm
352 4350 404 4398 pes.
419 4348 467 4393 242.
791 4345 792 4348 ’
