3022 4844
429 383 602 501 PARS
647 383 964 523 SECUNDA

594 677 646 742 ru
693 678 798 748 cul

24 816 1324 891 mmmmmmwmmmmmmfflmfflmm

288 965 340 1030 nx
355 963 477 1034 uscue
494 963 698 1029 srncuuuuu
715 965 834 1029 uuum
853 968 1094 1031 exercemur
1364 932 1366 939 ’

498 1119 895 1133 *ια-

571 1668 756 1762 CAPUT
791 1668 824 1761 1.

94 2032 139 2107 8.
176 2030 404 2104 Beneuentum
434 2029 665 2104 celeberrimus
697 2053 735 2104 ac
762 2033 1060 2126 praestantissimus
1092 2034 1296 2127 concionator

10 2174 15 2323 j:
264 2191 314 2266 uel
332 2211 370 2264 ex
388 2189 489 2285 ipsius
508 2191 672 2265 anecdotis
691 2191 795 2287 iisque
814 2194 911 2266 certis
930 2195 1134 2269 sermonibus

602 2353 792 2427 ostenditur.

150 2816 343 2897 Praefectum
368 2827 507 2898 titulum
541 2827 584 2897 de
616 2828 883 2899 celebratissima
906 2829 998 2899 fama
1020 2841 1052 2899 et
1072 2830 1328 2900 sermocinandi
1352 2916 1356 2924 Ι

55 2972 202 3024 summa
224 2952 442 3042 praestantia,
473 2953 601 3040 quibus
625 2975 704 3022 aevo
729 2975 791 3023 suo
815 2953 939 3024 claruit
964 2954 1168 3045 seraphicus
1192 2959 1323 3034 Doctor,

25 3062 33 3143 ⁵.
52 3076 117 3147 *vix
141 3076 353 3167 primoribus
380 3076 482 3151 labiis
505 3077 670 3168 attingere
693 3100 890 3169 possumus.
926 3084 1059 3148 Partem
1083 3080 1197 3164 itaque
1220 3088 1327 3146 mate-

58 3200 134 3273 riae
156 3201 365 3292 indigestae,
391 3201 627 3291 potiusquam
649 3202 846 3285 ordinatae,
874 3202 930 3272 hic
954 3203 1100 3272 breviter
1127 3202 1328 3292 perstringi-

54 3346 155 3408 mus,
181 3346 259 3395 eam
284 3325 453 3416 integram
477 3336 509 3394 et
523 3337 601 3425 apte
618 3325 820 3417 dispositam
835 3327 1030 3406 exhibituri,
1058 3347 1138 3395 oum
1153 3348 1327 3396 sermones

30 3456 40 3509 '·
54 3452 95 3519 S.
112 3454 373 3519 Beneventurac
395 3447 548 3518 edemus.

150 3572 337 3643 Casimirus
361 3572 517 3642 Oudinus
540 3594 645 3664 agens
669 3573 711 3642 de
734 3573 954 3642 multitudine
976 3594 1174 3642 sermonum
1190 3575 1230 3642 de
1245 3584 1327 3642 tem-

47 3718 139 3789 pore
162 3697 422 3778 arcesarces,
448 3718 534 3784 quos
558 3697 703 3766 Romani
726 3697 882 3778 editores,
915 3707 1006 3765 tomo
1039 3696 1135 3764 tertio
1167 3716 1324 3787 operum,

23 3848 26 3853 ·
60 3824 94 3891 S.
121 3826 377 3891 bonaventurae
409 3820 622 3903 tribuerunt,
658 3821 834 3907 sequentia
867 3819 1034 3910 protulit:
1067 3841 1085 3885 «
1120 3819 1244 3887 Mirum
1276 3831 1328 3890 est

25 3944 28 3949 ’
59 3968 77 4011 c
101 3943 277 4032 quomodo
300 3955 332 4013 et
354 3944 492 4032 quando
517 3955 563 4014 tot
586 3967 760 4014 sermones
783 3942 834 4012 vel
859 3942 983 4012 habere
1007 3942 1050 4011 ad
1075 3942 1256 4033 populum,
1274 3943 1326 4012 vel

57 4092 76 4136 c
101 4068 254 4139 scribere
287 4072 521 4138 Bonav‘entura
554 4068 700 4159 potuerit
717 4122 836 4136 .....
869 4066 965 4135 Venit
986 4065 1133 4135 Parisios
1151 4065 1272 4157 junior
1294 4079 1328 4137 et

33 4216 74 4261 .«
98 4191 282 4274 imberbis,
307 4202 344 4261 ut
366 4191 415 4262 ibi
440 4191 687 4282 philosophicis
711 4202 812 4279 atque
826 4189 1025 4280 theologicis
1049 4190 1172 4259 studiis
1185 4212 1327 4281 operam

53 4316 210 4388 «daret.
237 4320 310 4400 Quo
333 4326 483 4408 tempore
506 4337 588 4386 sane
611 4315 677 4406 ipsi
702 4323 834 4384 tantum
859 4313 919 4383 otii
951 4313 1044 4384 haud
1073 4312 1148 4394 fuit,
1180 4323 1219 4383 ut
1242 4335 1325 4383 con-

1129 4437 1152 4511 b
