<?xml version="1.0" encoding="UTF-8"?>
<!DOCTYPE html PUBLIC "-//W3C//DTD XHTML 1.0 Transitional//EN"
    "http://www.w3.org/TR/xhtml1/DTD/xhtml1-transitional.dtd">
<html xmlns="http://www.w3.org/1999/xhtml" xml:lang="en" lang="en">
 <head>
  <title>
</title>
<meta http-equiv="Content-Type" content="text/html;charset=utf-8" />
  <meta name='ocr-system' content='tesseract 3.04.00' />
  <meta name='ocr-capabilities' content='ocr_page ocr_carea ocr_par ocr_line ocrx_word'/>
</head>
<body>
  <div class='ocr_page' id='page_1' title='image "./rationovaecolle00fanngoog_0185.png"; bbox 0 0 3022 4844; ppageno 0'>
   <div class='ocr_carea' id='block_1_1' title="bbox 600 399 903 493">
    <p class='ocr_par' dir='ltr' id='par_1_1' title="bbox 600 399 903 493">
     <span class='ocr_line' id='line_1_1' title="bbox 600 399 903 493; baseline -0.013 0"><span class='ocrx_word' id='word_1_1' title='bbox 600 399 787 493; x_wconf 86' lang='lat' dir='ltr'>CAPUT</span> <span class='ocrx_word' id='word_1_2' title='bbox 834 400 903 493; x_wconf 83' lang='lat' dir='ltr'>Vt.</span> 
     </span>
    </p>
   </div>
   <div class='ocr_carea' id='block_1_2' title="bbox 135 798 1358 904">
    <p class='ocr_par' dir='ltr' id='par_1_2' title="bbox 135 798 1358 904">
     <span class='ocr_line' id='line_1_2' title="bbox 135 798 1358 904; baseline -0.015 -19"><span class='ocrx_word' id='word_1_3' title='bbox 135 814 280 894; x_wconf 84' lang='lat' dir='ltr'>Quatuor</span> <span class='ocrx_word' id='word_1_4' title='bbox 301 810 479 904; x_wconf 77' lang='lat' dir='ltr'>specimina</span> <span class='ocrx_word' id='word_1_5' title='bbox 506 809 717 890; x_wconf 81' lang='lat' dir='ltr'><strong>variantium,</strong></span> <span class='ocrx_word' id='word_1_6' title='bbox 746 829 802 880; x_wconf 85' lang='lat' dir='ltr'>seu</span> <span class='ocrx_word' id='word_1_7' title='bbox 831 804 1075 879; x_wconf 75' lang='lat' dir='ltr'>convenientiae</span> <span class='ocrx_word' id='word_1_8' title='bbox 1103 805 1137 876; x_wconf 87' lang='lat' dir='ltr'>et</span> <span class='ocrx_word' id='word_1_9' title='bbox 1169 798 1358 875; x_wconf 81' lang='lat' dir='ltr'>disccnmnie</span> 
     </span>
    </p>
   </div>
   <div class='ocr_carea' id='block_1_3' title="bbox 189 962 1358 1071">
    <p class='ocr_par' dir='ltr' id='par_1_3' title="bbox 189 962 1358 1071">
     <span class='ocr_line' id='line_1_3' title="bbox 189 962 1358 1071; baseline -0.013 -19"><span class='ocrx_word' id='word_1_10' title='bbox 189 981 256 1053; x_wconf 84' lang='lat' dir='ltr'>tiae</span> <span class='ocrx_word' id='word_1_11' title='bbox 290 979 371 1052; x_wconf 83' lang='lat' dir='ltr'>editi</span> <span class='ocrx_word' id='word_1_12' title='bbox 404 978 509 1071; x_wconf 85' lang='lat' dir='ltr'>operis</span> <span class='ocrx_word' id='word_1_13' title='bbox 530 979 569 1050; x_wconf 92' lang='lat' dir='ltr'>de</span> <span class='ocrx_word' id='word_1_14' title='bbox 599 969 944 1048; x_wconf 74' lang='lat' dir='ltr'>illuminationibus</span> <span class='ocrx_word' id='word_1_15' title='bbox 976 965 1165 1046; x_wconf 77' lang='lat' dir='ltr'>Ecclesiae</span> <span class='ocrx_word' id='word_1_16' title='bbox 1196 964 1241 1042; x_wconf 88' lang='lat' dir='ltr'>iu</span> <span class='ocrx_word' id='word_1_17' title='bbox 1268 962 1358 1041; x_wconf 85' lang='lat' dir='ltr'>Heca</span> 
     </span>
    </p>
   </div>
   <div class='ocr_carea' id='block_1_4' title="bbox 192 1131 1358 1226">
    <p class='ocr_par' dir='ltr' id='par_1_4' title="bbox 192 1131 1358 1226">
     <span class='ocr_line' id='line_1_4' title="bbox 192 1131 1358 1226; baseline -0.014 -9"><span class='ocrx_word' id='word_1_18' title='bbox 192 1167 317 1217; x_wconf 85' lang='lat' dir='ltr'>marcu</span> <span class='ocrx_word' id='word_1_19' title='bbox 350 1163 422 1216; x_wconf 92' lang='lat' dir='ltr'>cum</span> <span class='ocrx_word' id='word_1_20' title='bbox 441 1163 516 1216; x_wconf 86' lang='lat' dir='ltr'>mes.</span> <span class='ocrx_word' id='word_1_21' title='bbox 539 1141 705 1214; x_wconf 81' lang='lat' dir='ltr'>Godicibus</span> <span class='ocrx_word' id='word_1_22' title='bbox 733 1139 865 1212; x_wconf 81' lang='lat' dir='ltr'>conlati.</span> <span class='ocrx_word' id='word_1_23' title='bbox 899 1138 1056 1219; x_wconf 81' lang='lat' dir='ltr'>Quintum</span> <span class='ocrx_word' id='word_1_24' title='bbox 1089 1135 1254 1226; x_wconf 78' lang='lat' dir='ltr'>specimen</span> <span class='ocrx_word' id='word_1_25' title='bbox 1274 1131 1358 1204; x_wconf 83' lang='lat' dir='ltr'>acciu</span> 
     </span>
    </p>
   </div>
   <div class='ocr_carea' id='block_1_5' title="bbox 152 1261 1358 1426">
    <p class='ocr_par' dir='ltr' id='par_1_5' title="bbox 152 1261 1358 1426">
     <span class='ocr_line' id='line_1_5' title="bbox 152 1261 1358 1426; baseline -0.012 -39"><span class='ocrx_word' id='word_1_26' title='bbox 152 1291 156 1299; x_wconf 39' lang='lat'>¹</span> <span class='ocrx_word' id='word_1_27' title='bbox 192 1315 229 1417; x_wconf 87' lang='lat' dir='ltr'>in</span> <span class='ocrx_word' id='word_1_28' title='bbox 249 1336 309 1409; x_wconf 92' lang='lat' dir='ltr'>quo</span> <span class='ocrx_word' id='word_1_29' title='bbox 328 1314 494 1387; x_wconf 83' lang='lat' dir='ltr'>uariantes</span> <span class='ocrx_word' id='word_1_30' title='bbox 522 1333 597 1385; x_wconf 86' lang='lat' dir='ltr'>mss.</span> <span class='ocrx_word' id='word_1_31' title='bbox 620 1261 876 1384; x_wconf 61' lang='lat' dir='ltr'>adhibenturaii</span> <span class='ocrx_word' id='word_1_32' title='bbox 897 1308 967 1404; x_wconf 76' lang='lat' dir='ltr'>eJ‘us</span> <span class='ocrx_word' id='word_1_33' title='bbox 982 1307 1163 1426; x_wconf 21' lang='lat' dir='ltr'>editionem!</span> <span class='ocrx_word' id='word_1_34' title='bbox 1180 1302 1358 1394; x_wconf 81' lang='lat' dir='ltr'>castigando</span> 
     </span>
    </p>
   </div>
   <div class='ocr_carea' id='block_1_6' title="bbox 67 1893 1359 3841">
    <p class='ocr_par' dir='ltr' id='par_1_6' title="bbox 67 1893 1359 3593">
     <span class='ocr_line' id='line_1_6' title="bbox 229 1893 1358 1992; baseline -0.011 -21"><span class='ocrx_word' id='word_1_35' title='bbox 229 1904 333 1971; x_wconf 87' lang='lat' dir='ltr'>Istius</span> <span class='ocrx_word' id='word_1_36' title='bbox 360 1900 498 1992; x_wconf 81' lang='lat' dir='ltr'>operia,</span> <span class='ocrx_word' id='word_1_37' title='bbox 531 1902 624 1988; x_wconf 91' lang='lat' dir='ltr'>quod</span> <span class='ocrx_word' id='word_1_38' title='bbox 659 1901 753 1991; x_wconf 91' lang='lat' dir='ltr'>apud</span> <span class='ocrx_word' id='word_1_39' title='bbox 789 1899 1060 1969; x_wconf 80' lang='lat' dir='ltr'>nomenclatores</span> <span class='ocrx_word' id='word_1_40' title='bbox 1096 1910 1129 1966; x_wconf 90' lang='lat' dir='ltr'>et</span> <span class='ocrx_word' id='word_1_41' title='bbox 1164 1918 1249 1964; x_wconf 90' lang='lat' dir='ltr'>mss.</span> <span class='ocrx_word' id='word_1_42' title='bbox 1284 1893 1358 1963; x_wconf 77' lang='lat' dir='ltr'>codic</span> 
     </span>
     <span class='ocr_line' id='line_1_7' title="bbox 141 2017 1358 2118; baseline -0.009 -24"><span class='ocrx_word' id='word_1_43' title='bbox 141 2026 301 2118; x_wconf 91' lang='lat' dir='ltr'>pluribus</span> <span class='ocrx_word' id='word_1_44' title='bbox 330 2026 479 2096; x_wconf 88' lang='lat' dir='ltr'>occurrit</span> <span class='ocrx_word' id='word_1_45' title='bbox 506 2025 716 2116; x_wconf 87' lang='lat' dir='ltr'>inscriptum</span> <span class='ocrx_word' id='word_1_46' title='bbox 747 2024 876 2104; x_wconf 81' lang='lat' dir='ltr'>titulis,</span> <span class='ocrx_word' id='word_1_47' title='bbox 906 2047 945 2092; x_wconf 85' lang='lat' dir='ltr'>ex</span> <span class='ocrx_word' id='word_1_48' title='bbox 974 2023 1029 2091; x_wconf 89' lang='lat' dir='ltr'>his</span> <span class='ocrx_word' id='word_1_49' title='bbox 1056 2044 1137 2090; x_wconf 86' lang='lat' dir='ltr'>curn</span> <span class='ocrx_word' id='word_1_50' title='bbox 1166 2042 1259 2088; x_wconf 78' lang='lat' dir='ltr'>noina</span> <span class='ocrx_word' id='word_1_51' title='bbox 1295 2017 1358 2086; x_wconf 82' lang='lat' dir='ltr'>retu</span> 
     </span>
     <span class='ocr_line' id='line_1_8' title="bbox 142 2141 1356 2230; baseline -0.007 -13"><span class='ocrx_word' id='word_1_52' title='bbox 142 2172 221 2217; x_wconf 91' lang='lat' dir='ltr'>mus</span> <span class='ocrx_word' id='word_1_53' title='bbox 242 2151 537 2219; x_wconf 80' lang='lat' dir='ltr'>illuminationum</span> <span class='ocrx_word' id='word_1_54' title='bbox 564 2151 733 2217; x_wconf 82' lang='lat' dir='ltr'>Ecclesiae</span> <span class='ocrx_word' id='word_1_55' title='bbox 761 2151 796 2216; x_wconf 89' lang='lat' dir='ltr'>iu</span> <span class='ocrx_word' id='word_1_56' title='bbox 811 2153 1057 2226; x_wconf 80' lang='lat' dir='ltr'>Hemaeraeraa,</span> <span class='ocrx_word' id='word_1_57' title='bbox 1087 2166 1156 2230; x_wconf 89' lang='lat' dir='ltr'>quc</span> <span class='ocrx_word' id='word_1_58' title='bbox 1180 2141 1356 2213; x_wconf 86' lang='lat' dir='ltr'>Romuuie</span> 
     </span>
     <span class='ocr_line' id='line_1_9' title="bbox 67 2269 1356 2362; baseline -0.006 -22"><span class='ocrx_word' id='word_1_59' title='bbox 67 2294 70 2298; x_wconf 64' lang='grc'><strong><em>’</em></strong></span> <span class='ocrx_word' id='word_1_60' title='bbox 143 2283 231 2340; x_wconf 86' lang='lat' dir='ltr'>tores</span> <span class='ocrx_word' id='word_1_61' title='bbox 269 2273 356 2340; x_wconf 92' lang='lat' dir='ltr'>illud</span> <span class='ocrx_word' id='word_1_62' title='bbox 394 2281 641 2362; x_wconf 79' lang='lat' dir='ltr'>praenotarunt</span> <span class='ocrx_word' id='word_1_63' title='bbox 674 2283 765 2340; x_wconf 89' lang='lat' dir='ltr'>tomo</span> <span class='ocrx_word' id='word_1_64' title='bbox 799 2270 912 2360; x_wconf 88' lang='lat' dir='ltr'>primo</span> <span class='ocrx_word' id='word_1_65' title='bbox 941 2269 1101 2337; x_wconf 73' lang='lat' dir='ltr'>editionis</span> <span class='ocrx_word' id='word_1_66' title='bbox 1138 2291 1158 2336; x_wconf 87' lang='lat' dir='ltr'>a</span> <span class='ocrx_word' id='word_1_67' title='bbox 1196 2290 1233 2335; x_wconf 92' lang='lat' dir='ltr'>se</span> <span class='ocrx_word' id='word_1_68' title='bbox 1270 2278 1356 2333; x_wconf 84' lang='lat' dir='ltr'>curat</span> 
     </span>
     <span class='ocr_line' id='line_1_10' title="bbox 143 2382 1355 2484; baseline -0.006 -23"><span class='ocrx_word' id='word_1_69' title='bbox 143 2398 236 2483; x_wconf 89' lang='lat' dir='ltr'>Opus</span> <span class='ocrx_word' id='word_1_70' title='bbox 260 2395 488 2484; x_wconf 87' lang='lat' dir='ltr'>praeclarum,</span> <span class='ocrx_word' id='word_1_71' title='bbox 517 2382 816 2484; x_wconf 54' lang='lat' dir='ltr'>nohileffinsigne,</span> <span class='ocrx_word' id='word_1_72' title='bbox 837 2394 979 2480; x_wconf 89' lang='lat' dir='ltr'>antiqua</span> <span class='ocrx_word' id='word_1_73' title='bbox 997 2404 1226 2460; x_wconf 86' lang='lat' dir='ltr'>monumenta</span> <span class='ocrx_word' id='word_1_74' title='bbox 1242 2400 1355 2459; x_wconf 83' lang='lat' dir='ltr'>testum</span> 
     </span>
     <span class='ocr_line' id='line_1_11' title="bbox 144 2514 1358 2609; baseline -0.006 -22"><span class='ocrx_word' id='word_1_75' title='bbox 144 2542 185 2588; x_wconf 88' lang='lat' dir='ltr'>ac</span> <span class='ocrx_word' id='word_1_76' title='bbox 209 2520 373 2609; x_wconf 86' lang='lat' dir='ltr'>permulti</span> <span class='ocrx_word' id='word_1_77' title='bbox 397 2521 500 2589; x_wconf 89' lang='lat' dir='ltr'>etiam</span> <span class='ocrx_word' id='word_1_78' title='bbox 525 2521 724 2589; x_wconf 86' lang='lat' dir='ltr'>recentioris</span> <span class='ocrx_word' id='word_1_79' title='bbox 744 2521 864 2588; x_wconf 85' lang='lat' dir='ltr'>aetatis</span> <span class='ocrx_word' id='word_1_80' title='bbox 889 2519 1084 2608; x_wconf 77' lang='lat' dir='ltr'>scriptume,</span> <span class='ocrx_word' id='word_1_81' title='bbox 1113 2517 1174 2603; x_wconf 89' lang='lat' dir='ltr'>qui</span> <span class='ocrx_word' id='word_1_82' title='bbox 1207 2517 1250 2584; x_wconf 89' lang='lat' dir='ltr'>de</span> <span class='ocrx_word' id='word_1_83' title='bbox 1274 2514 1358 2606; x_wconf 87' lang='lat' dir='ltr'>philo</span> 
     </span>
     <span class='ocr_line' id='line_1_12' title="bbox 147 2643 1358 2734; baseline -0.006 -23"><span class='ocrx_word' id='word_1_84' title='bbox 147 2644 261 2734; x_wconf 89' lang='lat' dir='ltr'>phicis</span> <span class='ocrx_word' id='word_1_85' title='bbox 305 2653 474 2725; x_wconf 89' lang='lat' dir='ltr'>tractant,</span> <span class='ocrx_word' id='word_1_86' title='bbox 524 2644 716 2713; x_wconf 85' lang='lat' dir='ltr'>doctrinam</span> <span class='ocrx_word' id='word_1_87' title='bbox 752 2645 788 2711; x_wconf 90' lang='lat' dir='ltr'>in</span> <span class='ocrx_word' id='word_1_88' title='bbox 832 2643 892 2711; x_wconf 88' lang='lat' dir='ltr'>illo</span> <span class='ocrx_word' id='word_1_89' title='bbox 939 2652 1136 2711; x_wconf 86' lang='lat' dir='ltr'>contentam</span> <span class='ocrx_word' id='word_1_90' title='bbox 1176 2660 1358 2731; x_wconf 78' lang='lat' dir='ltr'>saepedum</span> 
     </span>
     <span class='ocr_line' id='line_1_13' title="bbox 142 2766 1358 2857; baseline -0.003 -23"><span class='ocrx_word' id='word_1_91' title='bbox 142 2776 368 2857; x_wconf 91' lang='lat' dir='ltr'>usurparunt.</span> <span class='ocrx_word' id='word_1_92' title='bbox 401 2768 508 2854; x_wconf 87' lang='lat' dir='ltr'>quue</span> <span class='ocrx_word' id='word_1_93' title='bbox 541 2769 700 2853; x_wconf 88' lang='lat' dir='ltr'>quamvis</span> <span class='ocrx_word' id='word_1_94' title='bbox 733 2768 797 2836; x_wconf 91' lang='lat' dir='ltr'>hoc</span> <span class='ocrx_word' id='word_1_95' title='bbox 830 2790 918 2856; x_wconf 92' lang='lat' dir='ltr'>opus</span> <span class='ocrx_word' id='word_1_96' title='bbox 950 2789 968 2834; x_wconf 89' lang='lat' dir='ltr'>e</span> <span class='ocrx_word' id='word_1_97' title='bbox 1005 2766 1139 2834; x_wconf 76' lang='lat' dir='ltr'>ceolarno</span> <span class='ocrx_word' id='word_1_98' title='bbox 1168 2770 1358 2833; x_wconf 78' lang='lat' dir='ltr'>Beneuenta</span> 
     </span>
     <span class='ocr_line' id='line_1_14' title="bbox 144 2889 1359 2981; baseline -0.002 -23"><span class='ocrx_word' id='word_1_99' title='bbox 144 2913 213 2959; x_wconf 89' lang='lat' dir='ltr'>uon</span> <span class='ocrx_word' id='word_1_100' title='bbox 237 2891 366 2971; x_wconf 83' lang='lat' dir='ltr'>exierit,</span> <span class='ocrx_word' id='word_1_101' title='bbox 396 2891 456 2960; x_wconf 88' lang='lat' dir='ltr'>sed</span> <span class='ocrx_word' id='word_1_102' title='bbox 480 2892 656 2981; x_wconf 84' lang='lat' dir='ltr'>exipsius</span> <span class='ocrx_word' id='word_1_103' title='bbox 680 2913 738 2960; x_wconf 90' lang='lat' dir='ltr'>ore</span> <span class='ocrx_word' id='word_1_104' title='bbox 761 2892 907 2960; x_wconf 90' lang='lat' dir='ltr'>dicentis</span> <span class='ocrx_word' id='word_1_105' title='bbox 932 2892 976 2959; x_wconf 91' lang='lat' dir='ltr'>ab</span> <span class='ocrx_word' id='word_1_106' title='bbox 1001 2889 1222 2959; x_wconf 77' lang='lat' dir='ltr'>conditoribus</span> <span class='ocrx_word' id='word_1_107' title='bbox 1247 2900 1359 2979; x_wconf 82' lang='lat' dir='ltr'>except</span> 
     </span>
     <span class='ocr_line' id='line_1_15' title="bbox 144 3013 1338 3095; baseline -0.002 -13"><span class='ocrx_word' id='word_1_108' title='bbox 144 3013 259 3084; x_wconf 84' lang='lat' dir='ltr'>suerit.</span> <span class='ocrx_word' id='word_1_109' title='bbox 288 3014 385 3095; x_wconf 80' lang='lat' dir='ltr'>Quod</span> <span class='ocrx_word' id='word_1_110' title='bbox 410 3013 439 3081; x_wconf 89' lang='lat' dir='ltr'>si</span> <span class='ocrx_word' id='word_1_111' title='bbox 465 3014 574 3095; x_wconf 86' lang='lat' dir='ltr'>tanti,</span> <span class='ocrx_word' id='word_1_112' title='bbox 611 3037 650 3082; x_wconf 92' lang='lat' dir='ltr'>ac</span> <span class='ocrx_word' id='word_1_113' title='bbox 684 3015 826 3095; x_wconf 87' lang='lat' dir='ltr'>merito,</span> <span class='ocrx_word' id='word_1_114' title='bbox 862 3014 1022 3082; x_wconf 89' lang='lat' dir='ltr'>habiturn</span> <span class='ocrx_word' id='word_1_115' title='bbox 1055 3024 1087 3081; x_wconf 88' lang='lat' dir='ltr'>et</span> <span class='ocrx_word' id='word_1_116' title='bbox 1115 3013 1267 3082; x_wconf 86' lang='lat' dir='ltr'>habetur</span> <span class='ocrx_word' id='word_1_117' title='bbox 1299 3035 1338 3081; x_wconf 79' lang='lat' dir='ltr'>en</span> 
     </span>
     <span class='ocr_line' id='line_1_16' title="bbox 144 3137 1358 3226; baseline -0.001 -21"><span class='ocrx_word' id='word_1_118' title='bbox 144 3137 291 3206; x_wconf 90' lang='lat' dir='ltr'>dicentis</span> <span class='ocrx_word' id='word_1_119' title='bbox 315 3146 552 3226; x_wconf 89' lang='lat' dir='ltr'>reportatum,</span> <span class='ocrx_word' id='word_1_120' title='bbox 580 3138 702 3222; x_wconf 82' lang='lat' dir='ltr'>qrianti</span> <span class='ocrx_word' id='word_1_121' title='bbox 737 3138 934 3206; x_wconf 87' lang='lat' dir='ltr'>faciendum</span> <span class='ocrx_word' id='word_1_122' title='bbox 960 3138 989 3206; x_wconf 87' lang='lat' dir='ltr'>si</span> <span class='ocrx_word' id='word_1_123' title='bbox 1013 3137 1160 3226; x_wconf 86' lang='lat' dir='ltr'>ipsemet</span> <span class='ocrx_word' id='word_1_124' title='bbox 1190 3143 1358 3207; x_wconf 84' lang='lat' dir='ltr'>Benareut</span> 
     </span>
     <span class='ocr_line' id='line_1_17' title="bbox 146 3259 1358 3351; baseline 0.001 -22"><span class='ocrx_word' id='word_1_125' title='bbox 146 3261 285 3350; x_wconf 90' lang='lat' dir='ltr'>proprio</span> <span class='ocrx_word' id='word_1_126' title='bbox 310 3259 442 3329; x_wconf 91' lang='lat' dir='ltr'>calamo</span> <span class='ocrx_word' id='word_1_127' title='bbox 467 3260 686 3350; x_wconf 69' lang='lat' dir='ltr'>scripsisset?</span> <span class='ocrx_word' id='word_1_128' title='bbox 710 3262 922 3330; x_wconf 82' lang='lat' dir='ltr'>Haberemus</span> <span class='ocrx_word' id='word_1_129' title='bbox 947 3259 1096 3351; x_wconf 84' lang='lat' dir='ltr'>proiecto</span> <span class='ocrx_word' id='word_1_130' title='bbox 1114 3284 1200 3351; x_wconf 81' lang='lat' dir='ltr'>opem</span> <span class='ocrx_word' id='word_1_131' title='bbox 1219 3265 1358 3332; x_wconf 87' lang='lat' dir='ltr'>irnmeus</span> 
     </span>
     <span class='ocr_line' id='line_1_18' title="bbox 145 3380 1352 3470; baseline 0.004 -25"><span class='ocrx_word' id='word_1_132' title='bbox 145 3382 242 3468; x_wconf 85' lang='lat' dir='ltr'>cujus</span> <span class='ocrx_word' id='word_1_133' title='bbox 275 3383 350 3447; x_wconf 91' lang='lat' dir='ltr'>laus</span> <span class='ocrx_word' id='word_1_134' title='bbox 380 3381 533 3470; x_wconf 79' lang='lat' dir='ltr'>superior</span> <span class='ocrx_word' id='word_1_135' title='bbox 567 3392 649 3448; x_wconf 87' lang='lat' dir='ltr'>esset</span> <span class='ocrx_word' id='word_1_136' title='bbox 673 3403 728 3448; x_wconf 91' lang='lat' dir='ltr'>are</span> <span class='ocrx_word' id='word_1_137' title='bbox 759 3383 955 3449; x_wconf 86' lang='lat' dir='ltr'>mortalium</span> <span class='ocrx_word' id='word_1_138' title='bbox 985 3380 1048 3469; x_wconf 86' lang='lat' dir='ltr'>(l),</span> <span class='ocrx_word' id='word_1_139' title='bbox 1084 3402 1123 3448; x_wconf 89' lang='lat' dir='ltr'>ac</span> <span class='ocrx_word' id='word_1_140' title='bbox 1151 3392 1255 3452; x_wconf 86' lang='lat' dir='ltr'>lauta</span> <span class='ocrx_word' id='word_1_141' title='bbox 1280 3393 1352 3452; x_wconf 85' lang='lat' dir='ltr'>arte</span> 
     </span>
     <span class='ocr_line' id='line_1_19' title="bbox 146 3502 1081 3593; baseline 0.003 -25"><span class='ocrx_word' id='word_1_142' title='bbox 146 3503 272 3569; x_wconf 79' lang='lat' dir='ltr'>viculus</span> <span class='ocrx_word' id='word_1_143' title='bbox 302 3504 528 3591; x_wconf 83' lang='lat' dir='ltr'>corrupasiluru,</span> <span class='ocrx_word' id='word_1_144' title='bbox 564 3514 602 3570; x_wconf 88' lang='lat' dir='ltr'>at</span> <span class='ocrx_word' id='word_1_145' title='bbox 632 3526 738 3593; x_wconf 86' lang='lat' dir='ltr'>supra</span> <span class='ocrx_word' id='word_1_146' title='bbox 768 3506 879 3593; x_wconf 72' lang='lat' dir='ltr'>ipsium</span> <span class='ocrx_word' id='word_1_147' title='bbox 908 3505 996 3572; x_wconf 87' lang='lat' dir='ltr'>ailu&#39;l</span> <span class='ocrx_word' id='word_1_148' title='bbox 1019 3502 1081 3592; x_wconf 69' lang='lat' dir='ltr'>(a).</span> 
     </span>
    </p>

    <p class='ocr_par' dir='ltr' id='par_1_7' title="bbox 149 3626 1358 3841">
     <span class='ocr_line' id='line_1_20' title="bbox 237 3626 1358 3715; baseline 0.004 -22"><span class='ocrx_word' id='word_1_149' title='bbox 237 3631 371 3706; x_wconf 84' lang='lat' dir='ltr'>Quarrta</span> <span class='ocrx_word' id='word_1_150' title='bbox 394 3647 496 3715; x_wconf 91' lang='lat' dir='ltr'>porro</span> <span class='ocrx_word' id='word_1_151' title='bbox 521 3626 682 3694; x_wconf 90' lang='lat' dir='ltr'>aviditate</span> <span class='ocrx_word' id='word_1_152' title='bbox 706 3632 944 3696; x_wconf 85' lang='lat' dir='ltr'>Bonaveutura</span> <span class='ocrx_word' id='word_1_153' title='bbox 963 3626 1154 3708; x_wconf 78' lang='lat' dir='ltr'>condiretur,</span> <span class='ocrx_word' id='word_1_154' title='bbox 1180 3653 1268 3701; x_wconf 78' lang='lat' dir='ltr'>carru</span> <span class='ocrx_word' id='word_1_155' title='bbox 1286 3632 1358 3701; x_wconf 72' lang='lat' dir='ltr'>eollo</span> 
     </span>
     <span class='ocr_line' id='line_1_21' title="bbox 149 3749 1358 3841; baseline 0.007 -26"><span class='ocrx_word' id='word_1_156' title='bbox 149 3770 220 3829; x_wconf 85' lang='lat' dir='ltr'>nes,</span> <span class='ocrx_word' id='word_1_157' title='bbox 247 3749 283 3816; x_wconf 91' lang='lat' dir='ltr'>in</span> <span class='ocrx_word' id='word_1_158' title='bbox 307 3749 372 3818; x_wconf 88' lang='lat' dir='ltr'>hoc</span> <span class='ocrx_word' id='word_1_159' title='bbox 396 3770 498 3838; x_wconf 88' lang='lat' dir='ltr'>opere</span> <span class='ocrx_word' id='word_1_160' title='bbox 522 3760 710 3832; x_wconf 76' lang='lat' dir='ltr'>contentae,</span> <span class='ocrx_word' id='word_1_161' title='bbox 735 3773 839 3841; x_wconf 90' lang='lat' dir='ltr'>super</span> <span class='ocrx_word' id='word_1_162' title='bbox 863 3752 1016 3841; x_wconf 89' lang='lat' dir='ltr'>primum</span> <span class='ocrx_word' id='word_1_163' title='bbox 1041 3750 1243 3840; x_wconf 86' lang='lat' dir='ltr'>capitulum</span> <span class='ocrx_word' id='word_1_164' title='bbox 1270 3760 1358 3826; x_wconf 78' lang='lat' dir='ltr'>Genu</span> 
     </span>
    </p>
   </div>
   <div class='ocr_carea' id='block_1_7' title="bbox 150 4095 1358 4221">
    <p class='ocr_par' dir='ltr' id='par_1_8' title="bbox 150 4095 1358 4221">
     <span class='ocr_line' id='line_1_22' title="bbox 176 4095 1358 4157; baseline 0.012 -25"><span class='ocrx_word' id='word_1_165' title='bbox 176 4095 203 4141; x_wconf 87' lang='grc'>(1)</span> <span class='ocrx_word' id='word_1_166' title='bbox 218 4095 325 4143; x_wconf 73' lang='lat' dir='ltr'>Eiogium</span> <span class='ocrx_word' id='word_1_167' title='bbox 340 4096 402 4143; x_wconf 74' lang='lat' dir='ltr'>qrioi</span> <span class='ocrx_word' id='word_1_168' title='bbox 417 4097 520 4139; x_wconf 78' lang='lat' dir='ltr'>loannes</span> <span class='ocrx_word' id='word_1_169' title='bbox 536 4098 626 4138; x_wconf 81' lang='lat' dir='ltr'>Gcrson</span> <span class='ocrx_word' id='word_1_170' title='bbox 641 4099 761 4139; x_wconf 76' lang='lat' dir='ltr'>Iltueruric</span> <span class='ocrx_word' id='word_1_171' title='bbox 777 4098 797 4139; x_wconf 87' lang='lat' dir='ltr'>S.</span> <span class='ocrx_word' id='word_1_172' title='bbox 813 4100 992 4139; x_wconf 79' lang='lat' dir='ltr'>Beneventurce</span> <span class='ocrx_word' id='word_1_173' title='bbox 1018 4096 1110 4144; x_wconf 81' lang='lat' dir='ltr'>tribuit,</span> <span class='ocrx_word' id='word_1_174' title='bbox 1132 4098 1159 4138; x_wconf 90' lang='lat' dir='ltr'>ln</span> <span class='ocrx_word' id='word_1_175' title='bbox 1174 4102 1285 4150; x_wconf 77' lang='lat' dir='ltr'>epistota</span> <span class='ocrx_word' id='word_1_176' title='bbox 1300 4107 1358 4157; x_wconf 68' lang='lat' dir='ltr'>Lug&lt;</span> 
     </span>
     <span class='ocr_line' id='line_1_23' title="bbox 150 4173 640 4221; baseline 0.01 -9"><span class='ocrx_word' id='word_1_177' title='bbox 150 4173 223 4212; x_wconf 76' lang='lat' dir='ltr'>missa</span> <span class='ocrx_word' id='word_1_178' title='bbox 239 4174 267 4212; x_wconf 84' lang='lat' dir='ltr'>ad</span> <span class='ocrx_word' id='word_1_179' title='bbox 281 4175 397 4221; x_wconf 82' lang='lat' dir='ltr'>quendam</span> <span class='ocrx_word' id='word_1_180' title='bbox 412 4175 509 4216; x_wconf 81' lang='lat' dir='ltr'>fratrem</span> <span class='ocrx_word' id='word_1_181' title='bbox 518 4178 640 4217; x_wconf 85' lang='lat' dir='ltr'>Minorem.</span> 
     </span>
    </p>
   </div>
   <div class='ocr_carea' id='block_1_8' title="bbox 148 4253 1357 4381">
    <p class='ocr_par' dir='ltr' id='par_1_9' title="bbox 148 4253 1357 4381">
     <span class='ocr_line' id='line_1_24' title="bbox 177 4253 1357 4308; baseline 0.014 -17"><span class='ocrx_word' id='word_1_182' title='bbox 177 4253 205 4300; x_wconf 71' lang='lat'>(2)</span> <span class='ocrx_word' id='word_1_183' title='bbox 219 4253 329 4301; x_wconf 76' lang='lat' dir='ltr'>Elogtum</span> <span class='ocrx_word' id='word_1_184' title='bbox 342 4255 480 4306; x_wconf 67' lang='lat' dir='ltr'>Bra-cttoputo</span> <span class='ocrx_word' id='word_1_185' title='bbox 495 4258 519 4297; x_wconf 86' lang='lat' dir='ltr'>et</span> <span class='ocrx_word' id='word_1_186' title='bbox 533 4258 653 4298; x_wconf 70' lang='lat' dir='ltr'>litterario</span> <span class='ocrx_word' id='word_1_187' title='bbox 668 4258 689 4300; x_wconf 77' lang='lat' dir='ltr'>s.</span> <span class='ocrx_word' id='word_1_188' title='bbox 699 4258 880 4300; x_wconf 70' lang='lat' dir='ltr'>Beneventursa</span> <span class='ocrx_word' id='word_1_189' title='bbox 894 4259 1010 4300; x_wconf 82' lang='lat' dir='ltr'>tributum</span> <span class='ocrx_word' id='word_1_190' title='bbox 1020 4257 1048 4299; x_wconf 81' lang='lat' dir='ltr'>ob</span> <span class='ocrx_word' id='word_1_191' title='bbox 1059 4257 1144 4298; x_wconf 80' lang='lat' dir='ltr'>eodem</span> <span class='ocrx_word' id='word_1_192' title='bbox 1155 4260 1280 4306; x_wconf 69' lang='lat' dir='ltr'>Gereonio</span> <span class='ocrx_word' id='word_1_193' title='bbox 1302 4268 1329 4308; x_wconf 86' lang='lat' dir='ltr'>tn</span> <span class='ocrx_word' id='word_1_194' title='bbox 1345 4277 1357 4307; x_wconf 85' lang='lat' dir='ltr'>e</span> 
     </span>
     <span class='ocr_line' id='line_1_25' title="bbox 148 4330 378 4381; baseline 0 -10"><span class='ocrx_word' id='word_1_195' title='bbox 148 4331 178 4371; x_wconf 82' lang='lat' dir='ltr'>do</span> <span class='ocrx_word' id='word_1_196' title='bbox 187 4330 254 4370; x_wconf 81' lang='lat' dir='ltr'>utrm</span> <span class='ocrx_word' id='word_1_197' title='bbox 264 4332 378 4381; x_wconf 63' lang='lat' dir='ltr'>tenendis.</span> 
     </span>
    </p>
   </div>
   <div class='ocr_carea' id='block_1_9' title="bbox 0 0 1522 4844">
    <p class='ocr_par' dir='ltr' id='par_1_10' title="bbox 0 0 1522 4844">
     <span class='ocr_line' id='line_1_26' title="bbox 0 0 1522 4844; baseline 0 0"><span class='ocrx_word' id='word_1_198' title='bbox 0 0 1522 4844; x_wconf 95' lang='lat' dir='ltr'> </span> 
     </span>
    </p>
   </div>
  </div>
 </body>
</html>
