3022 4844
393 649 773 745 SPECIMEN

142 911 295 973 Maioris
325 917 633 964 convenientiae
658 915 804 964 Codicis
825 913 851 964 B
872 929 972 965 cum
993 916 1023 965 A

355 1061 487 1108 quarn
505 1062 604 1097 curn
626 1049 809 1098 editione·

500 1198 522 1245 ι

98 1326 262 1396 arationis
287 1327 400 1397 medio
423 1327 480 1398 hie
510 1327 643 1398 utimur
682 1327 798 1398 codiee
821 1331 870 1410 Α,
902 1325 1107 1397 conferendo
1137 1349 1219 1397 oum

96 1480 97 1501 ι
142 1453 175 1513 et
212 1465 294 1513 eum
340 1443 415 1513 eod.
454 1450 492 1514 B.
542 1449 651 1526 Quem
691 1444 767 1514 eod.
799 1450 846 1526 B,
900 1444 1057 1532 quamvis
1101 1443 1219 1514 literae
1283 1448 1285 1453 ’

125 1558 167 1627 ad
208 1559 273 1629 hoe
312 1560 443 1651 positae
481 1582 550 1629 non
588 1581 713 1651 parum
756 1559 934 1631 dissonare
979 1560 1162 1632 ostendant
1198 1583 1220 1630 a

96 1730 100 1753 ‚
132 1675 243 1766 magis
273 1685 387 1745 tamen
415 1676 548 1745 italicas
576 1675 706 1758 literas,
740 1675 892 1763 quaein
929 1675 1078 1745 editione
1112 1687 1214 1758 sunt,

96 1790 165 1872 nti,
201 1813 266 1862 eos·
292 1791 380 1860 inter
413 1813 449 1863 se
487 1791 668 1860 convenire
702 1801 735 1860 et
767 1792 811 1861 ab
842 1791 991 1861 editione
1019 1791 1217 1863 discordare

96 2172 180 2236 *DEX
208 2168 235 2239 B
483 2172 615 2240 CODEX
646 2168 675 2240 A
840 2173 979 2239 EDITIO
999 2171 1195 2240 virttem

95 2329 175 2386 'hoe
192 2335 236 2386 est
249 2327 337 2387 visio*
416 2329 536 2387 Praeter
556 2333 609 2391 hoo
629 2338 672 2392 est
702 2337 776 2397 visio
857 2330 977 2388 Praeter
990 2322 1217 2402 Mevisionesfit

96 2426 117 2467 n
139 2410 272 2481 operibus
286 2427 339 2468 sex
377 2412 777 2488 sextuplex‚quaerespondet
816 2410 949 2469 tisim
964 2411 1068 2481 modi&
1085 2427 1158 2483 qnae
1173 2427 1223 2470 re·-

105 2486 207 2560 quibus
240 2491 338 2562 major
378 2491 702 2570 operibussexdierum,
717 2500 776 2571 qui·
815 2490 936 2562 spondet
949 2491 1082 2563 operibus
1092 2508 1142 2548 sex
1153 2490 1214 2548 die-

96 2568 228 2640 stinctae,
239 2573 265 2628 et
274 2570 337 2643 qni·
378 2570 431 2629 bus
466 2570 557 2630 minor
591 2578 711 2636 mundus
743 2577 777 2636 tit
815 2570 1213 2643 rumquibuspertieiturmi·

96 2649 250 2708 muudus
269 2667 337 2723 per·
378 2649 537 2725 perlectus,
573 2655 647 2711 sieut
683 2660 776 2730 maj0r
814 2668 866 2709 nor
878 2651 1023 2720 mundus*
1037 2653 1110 2707 sieut
1120 2651 1213 2720 major

96 2731 101 2781 t
120 2728 233 2787 tandem
247 2731 278 2787 in
291 2747 337 2789 se·
379 2731 499 2788 muudus
520 2749 570 2790 sex
584 2732 704 2796 dierum.
722 2738 775 2795 Est
813 2728 1214 2802 mundusperfeetusesi.Prt'·

96 2809 211 2867 aierem.
229 2810 280 2866 Est
290 2827 339 2867 au·
379 2813 450 2869 visio
464 2813 653 2873 intellectivae
668 2834 719 2888 per
729 2834 776 2875 na·
813 2829 861 2870 ma
875 2817 919 2868 est
932 2812 1002 2867 visio
1012 2808 1213 2881 taotttpentiar

96 2916 98 2935 i
137 2890 339 2962 inteliipentiae
378 2893 602 2966 turaminditae,
612 2907 641 2952 et
651 2906 695 2955 est
705 2898 775 2955 visio
813 2908 865 2965 per
880 2898 1012 2948 naturam
1026 2889 1153 2960 inditae;
1168 2903 1212 2947 se·

98 2986 143 3025 am
174 2968 339 3040 inditae‚*
378 2971 568 3031 intellectivae
605 2991 656 3046 per
689 2974 774 3034 fidem
814 2970 911 3030 cunda
921 2977 964 3028 est
975 2970 1044 3026 visio
1054 2967 1210 3041 intelltpert·

104 3049 277 3117 sublevatae,
286 3065 337 3122 per
377 3051 550 3119 sublevatae,
571 3069 622 3124 per
649 3058 774 3127 scriptu·
813 3051 869 3110 tiae
892 3066 943 3121 per
969 3046 1054 3106 fidem
1074 3047 1215 3106 elevatae:

96 3129 269 3198 neruditae,
285 3146 337 3202 per
377 3148 439 3188 rem
467 3132 604 3204 eruditae,
637 3151 688 3207 per
708 3152 774 3193 eon·
813 3131 945 3189 haeserat
965 3128 1130 3186 multorum.
1145 3126 1214 3185 Ter·

96 3210 207 3266 ‚tionem
222 3226 337 3282 suspen·
378 3212 590 3284 templationern
609 3231 772 3288 suspensae,
813 3210 991 3270 etantanto
1014 3207 1214 3280 tntetttpenttae

97 3291 276 3361 prophetiam
304 3291 337 3347 il·
377 3307 429 3364 per
443 3292 623 3365 prophetiam
643 3297 771 3353 illustra·
813 3307 865 3364 per
879 3292 1050 3361 scripturam
1065 3284 1210 3345 eruditae:

108 3386 159 3441 per
179 3378 295 3442 raptum
309 3371 338 3427 in
378 3378 433 3440 tae,
449 3389 500 3444 per
512 3383 626 3445 raptum
640 3375 669 3432 in
683 3376 775 3433 Deum
813 3373 920 3444 quarta
942 3371 982 3429 est
1008 3368 1080 3428 visio
1108 3367 1213 3426 intelli·

96 3449 256 3521 emptae*
281 3466 339 3526 per
377 3450 551 3524 absorptae:
568 3455 605 3511 ad
619 3455 773 3526 hassequi·
812 3449 924 3524 peritiae
938 3465 988 3520 per
997 3448 1213 3519 contemplatio·

97 3527 339 3588 lorifieatae.Has
377 3536 425 3588 tur
438 3533 509 3588 visio
524 3535 645 3605 septima
663 3536 774 3592 animae
814 3546 878 3589 nem
900 3544 1061 3601 suspensae:
1084 3528 1216 3585 haeserat

97 3611 191 3667 aiones
238 3609 339 3667 habuit
378 3609 555 3682 glorificatae
569 3630 576 3682 ;
592 3630 663 3685 quas
678 3630 774 3672 omnes
809 3627 983 3683 paucorum.
1003 3606 1213 3682 Quintaestvi·

96 3688 338 3746 :imaeduaesunt
378 3690 478 3749 habuit
512 3692 627 3750 Paulus.
661 3694 774 3751 Primae
814 3690 857 3749 sio
872 3689 1071 3762 inteliiperttiae
1084 3703 1135 3758 per
1147 3701 1215 3758 pro·

96 3767 220 3835 ‚*aliae
239 3785 338 3827 secun·
378 3770 452 3829 duae
489 3780 556 3829 sunt
599 3773 775 3842 multorum,
815 3771 941 3841 phetiam
965 3769 1142 3824 illustratae:
1171 3781 1214 3824 se·
1303 3800 1307 3809 ·

96 3845 339 3916 durissimorum*
378 3850 777 3924 dunealiaepaueorum‚hae
814 3852 865 3908 eia
878 3852 917 3908 est
930 3845 1215 3920 visiointeilipeatiae

140 3928 337 3986 tantummodo
378 3931 496 3989 ultimae
532 3931 606 3991 duae
640 3933 775 4004 paucissi·
815 3945 867 4003 per
903 3936 1020 3999 raptum
1059 3926 1089 3981 in
1124 3926 1218 3984 Deum

103 4008 338 4080 Perprimemin-
378 4027 499 4068 morum.
516 4013 571 4070 Per
592 4013 713 4084 primam
734 4013 776 4069 in·
816 4010 977 4079 absorptae.
990 4005 1215 4078 Haesuntpau·

98 4087 133 4144 ad
155 4089 223 4161 quid
245 4094 339 4161 potest
379 4092 519 4164 telligitur
533 4092 570 4148 ad
593 4091 661 4164 quid
683 4098 776 4163 potest
816 4089 1005 4148 eissimornm.
1029 4087 1075 4142 Ad
1096 4087 1146 4143 has
1168 4102 1217 4142 se·

96 4184 129 4225 ere
142 4167 177 4226 de
190 4186 221 4227 se
241 4177 338 4227 nostra
379 4172 493 4247 extendi
508 4179 604 4227 nostra
617 4172 775 4243 intelligen·
816 4172 913 4242 quitur
927 4167 998 4223 visio
1013 4166 1124 4223 animae
1152 4165 1215 4224 bea·

96 4247 159 4304 tie*
176 4267 231 4321 per
250 4255 338 4308 notu·
378 4254 420 4308 tia
435 4252 470 4308 de
485 4267 529 4320 se3
555 4253 624 4309 haee
639 4254 777 4324 intelligi·
816 4250 946 4319 litteratae,
962 4263 1032 4318 quas
1053 4263 1150 4303 omnes
1166 4249 1216 4302 ha·

96 4327 142 4387 tor
169 4330 339 4403 intelligitur
379 4338 427 4389 tur
447 4347 498 4404 per
516 4332 637 4404 primam
655 4330 730 4390 diem
750 4331 780 4389 in
819 4329 883 4388 buit
896 4323 1036 4385 Paulus*
1050 4325 1218 4400 Intellipen·
