3022 4844
590 232 635 248 —
658 197 722 269 287
744 234 789 247 -
887 262 891 269 .

84 358 220 410 rmanac
250 348 392 422 naturae
416 339 701 431 assumptionem,
736 341 812 432 ipse
849 339 915 412 sibi
938 361 1014 411 eam
1049 337 1241 432 copulavit,
1268 340 1321 414 vel

84 467 127 537 ria
150 461 303 538 Ecclesia
332 440 688 559 praesens'quantum
721 477 830 560 potest
853 467 951 542 illam
975 466 1155 539 coelestem
1172 469 1320 560 patriam

84 595 212 688 ritatur.
239 599 326 664 Item
342 594 515 686 significat
537 582 793 671 illambeatam
826 592 987 686 copulam
1015 593 1073 663 Dei
1096 604 1128 664 et
1157 594 1321 667 ecclesiae

84 719 293 811 ‚umphantis
316 740 378 810 per
401 718 558 812 gloriam,
586 721 628 789 de
657 742 727 807 qua
750 719 962 812 Apocal.(t):
988 717 1080 788 Beati
1097 719 1157 807 qui
1173 721 1216 790 ad
1241 743 1318 792 coe-

84 867 126 915 rm
164 820 367 937 nu'ptiarum
401 847 488 938 rigni
523 857 604 916 sunt
636 847 757 917 vocati.
785 838 838 916 *nt
869 845 995 915 iterum
1025 845 1161 936 Apocal.
1188 846 1251 937 (2):
1282 853 1321 929 Et

84 993 196 1065 onsus
219 982 252 1040 et
275 993 402 1064 sponsa
427 972 559 1054 dicunt,
586 972 687 1054 veni,
714 971 798 1060 qnia
825 970 885 1040 illa
920 970 1076 1041 coelestis
1104 972 1202 1041 curia
1230 972 1320 1044 hanc

84 1108 261 1168 uesentem
277 1097 457 1168 ecclesiam
486 1096 748 1168 ferventissimis
772 1096 953 1167 desideriis
982 1096 1025 1165 ad
1058 1096 1207 1188 seipsam
1239 1119 1320 1190 curn

84 1222 178 1295 iristo
203 1228 270 1294 Deo
291 1246 418 1315 sponso
435 1246 572 1315 semper
600 1223 732 1294 invitat.

135 1373 152 1417 a
170 1350 218 1435 ild
235 1349 299 1419 bas
318 1350 470 1442 nuptias,
489 1361 522 1421 et
538 1350 581 1420 ad
597 1350 687 1420 hanc
703 1349 865 1441 copulam
885 1349 1174 1440 cognoscendam,
1202 1371 1344 1420 anian·

84 1495 139 1556 tm,
166 1486 199 1545 et
228 1456 505 1566 promerendam,
533 1475 650 1545 omnia
671 1475 816 1564 quaein
855 1475 921 1544 hoc
954 1474 1070 1544 libello
1101 1474 1322 1546 continentur

87 1598 175 1691 ripta
194 1611 286 1682 sunt,
313 1599 434 1671 saltem
458 1623 498 1671 ex
521 1600 711 1670 intentione
733 1600 926 1670 scribentis.
954 1605 1046 1683 Quae
1070 1600 1153 1688 quia
1169 1599 1319 1670 multum

84 1721 209 1795 tsective
240 1737 272 1795 et
303 1725 435 1796 exiliter
474 1725 676 1817 investigata
709 1736 810 1807 sunt,
844 1724 1051 1817 superaddet
1081 1747 1321 1813 quaecumque

84 1870 137 1920 eus
159 1851 352 1922 abundanti
382 1851 581 1943 perfuderit,
603 1862 636 1921 et
659 1850 849 1921 defectibus
874 1849 994 1942 scripti
1017 1861 1050 1919 et
1065 1849 1242 1942 scriptoris
1265 1872 1321 1919 ve-

84 1973 143 2044 iam
168 1977 307 2059 tribuat,
338 1987 432 2048 utet
465 1977 540 2069 ipse
571 1976 664 2069 apud
698 1981 806 2046 Deum
836 1977 972 2046 veniam
1005 1986 1246 2063 consequatur.
1274 1981 1319 2045 De

84 2103 219 2174 incessis
243 2125 333 2186 vero,
360 2103 390 2173 si
418 2103 502 2193 qnid
532 2103 680 2195 dignum
704 2114 736 2173 et
759 2102 844 2173 utile
863 2101 1027 2174 iratribus
1054 2101 1216 2183 continet,
1244 2101 1320 2171 lau-

84 2235 149 2296 etur
167 2228 240 2321 ipse
256 2234 345 2299 Deus
369 2230 528 2299 omnium
557 2229 727 2300 bonorum
748 2229 901 2320 largitor,
928 2228 1039 2315 quiin
1064 2226 1227 2298 Trinitate
1246 2249 1323 2317 per-

84 2361 138 2421 aa
158 2354 237 2424 vivit
260 2366 293 2425 et
324 2366 444 2447 regnat
472 2355 676 2425 insaecula
707 2354 936 2425 saeculorum.
964 2358 1080 2423 Amen.
1103 2378 1121 2421 o

139 2479 316 2571 «Explicit
339 2479 426 2549 liber
449 2479 723 2549 introductorius
738 2479 781 2548 ad
798 2478 999 2570 figurativas
1016 2477 1206 2547 locutiones
1233 2477 1319 2546 divi-

86 2617 171 2672 arum
195 2603 459 2695 scripturarum,
485 2604 546 2692 qui
575 2603 771 2695 appellatur
794 2602 990 2694 symbolica
1006 2600 1188 2691 Theologia
1210 2606 1319 2670 Bona·

84 2720 208 2829 caturae
232 2729 436 2800 cardinalis.
465 2753 483 2797 >›

136 3109 189 3176 lt.
218 3080 385 3177 Sunuonns
401 3129 472 3177 uss.
492 3108 619 3178 saecul.
642 3131 695 3178 nr
718 3116 869 3188 exeunt,
895 3127 983 3193 quos
1012 3103 1118 3174 codex
1148 3103 1350 3204 membra·⁴
1437 3179 1440 3182 ,

84 3237 125 3301 10.
150 3220 331 3320 binis-col.
363 3244 532 3316 exaratus,
555 3232 665 3304 folior.
693 3238 769 3314 237,
789 3231 1039 3323 complectitur.
1066 3230 1189 3320 Incipi.
1215 3227 1273 3297 fol.
1301 3233 1339 3296 6Ὶ

84 3344 112 3424 tl.
140 3364 172 3427 t:
200 3361 396 3428 «Dominus
405 3361 519 3450 judeae
541 3362 843 3441 concumbamus
870 3359 992 3447 lepifer
1015 3367 1136 3438 noster,
1162 3357 1322 3425 Dominus

84 3497 111 3547 rr
138 3494 261 3564 noster,
295 3487 365 3576 epae
387 3487 496 3554 veniet
524 3497 555 3554 ct
570 3487 717 3555 salvabit
742 3508 810 3554 noa.
831 3489 897 3554 Isa.
912 3487 953 3552 33
963 3483 1026 3573 (3):
1049 3487 1088 3551 ln
1104 3481 1223 3551 verbis·
1238 3481 1321 3572 'pro-

86 3590 166 3680 sitis
196 3609 266 3678 duo
290 3609 527 3702 principaliter
556 3610 797 3680 ostenduntur.
825 3609 980 3681 Primum
1011 3622 1061 3680 est
1077 3608 1142 3678 filii
1165 3605 1256 3698 (Dei)
1271 3605 1323 3674 di-

87 3730 169 3816 itaS,
187 3744 222 3805 ct
244 3714 413 3820 quantum
443 3735 486 3804 ad
513 3735 578 3804 hoc
602 3735 740 3817 dicitur,
761 3735 875 3826 judea
900 3745 1024 3803 noster:
1051 3733 1242 3803 secundum
1268 3741 1320 3799 est

84 3861 217 3932 sinsin
252 3861 425 3931 mundum
458 3860 672 3931 advenientis
704 3860 896 3941 humilitas
928 3859 1005 3930 ideo
1036 3858 1217 3940 subditur,
1249 3857 1320 3947 ipsc

84 3991 152 4060 ciet
175 3999 210 4058 et
250 3989 396 4058 salvabit
424 4011 493 4058 oos.
532 3986 687 4078 Dignitas
722 3987 846 4056 Christi
878 3985 1058 4076 tripliciter
1090 3983 1319 4054 describitur:

84 4224 87 4259 t
103 4219 166 4264 cap.
183 4213 217 4260 19,
232 4223 254 4253 v.
263 4215 283 4253 9.

97 4299 161 4345 cap.
176 4295 212 4341 22,
226 4303 249 4334 v.
264 4293 298 4336 lt.
312 4293 379 4345 vulg.
389 4294 418 4335 no
428 4296 522 4345 spiritus
537 4295 560 4335 et
574 4303 672 4343 sponse.

101 4381 131 4423 V.
150 4379 187 4420 22.
