3022 4844
528 406 769 500 CAPUT
820 407 873 498 X.
952 494 956 501 .

32 834 214 919 Quaestio
234 835 269 907 S.
292 837 539 943 Bonarcnturac
563 836 728 929 proposita
752 857 773 906 a
798 837 829 906 S.
851 833 1009 908 Ludorico
1029 836 1229 908 Francorum
1247 855 1340 928 rogo.

146 976 292 1055 Schema
310 977 468 1049 sermonis
486 977 624 1049 Parisiis
643 977 761 1057 habiti,
778 977 817 1048 do
831 976 953 1068 viginti
968 977 1036 1048 octo
1051 976 1261 1050 mirabilibus

207 1128 210 1133 ’
238 1137 322 1213 quac
340 1118 377 1190 in
397 1119 444 1191 Sc.
465 1119 676 1191 sacramento
694 1116 923 1191 Eucharistiae
942 1117 1165 1190 continentur.

149 1746 226 1810 Duo
249 1739 355 1821 haec,
382 1740 611 1831 manuscripti
647 1740 783 1810 codices
807 1740 876 1809 duo
900 1739 987 1808 mihi
1010 1739 1236 1808 bibliothecas
1266 1758 1345 1828 per-

45 1864 226 1939 lustranti
248 1863 459 1943 obtulerunt,
489 1876 601 1951 atque,
629 1863 759 1933 utalia
782 1863 1002 1950 multaquae
1032 1886 1095 1954 ego
1119 1862 1247 1943 inveni,
1274 1844 1353 1929 mass

49 1988 325 2078 nuscriptcrum
349 1986 514 2078 catalogis
536 1987 680 2056 minime
702 1988 949 2057 indicantibus,

41 2148 47 2155 ·
154 2111 398 2194 Quaestionem
410 2133 516 2198 quam
530 2116 562 2179 S.
581 2111 774 2180 ludovicus
791 2117 1000 2180 Francorum
1025 2134 1093 2193 rex,
1113 2116 1146 2179 S.
1166 2116 1346 2179 Bonaven-

55 2248 163 2307 turae
187 2236 387 2305 solvendam
412 2234 616 2326 proposuit,
644 2236 761 2304 Italico
786 2236 893 2304 debeo
917 2236 1067 2325 optimae
1093 2245 1193 2304 notae
1217 2256 1341 2302 manu-

55 2361 196 2450 scripto
219 2359 341 2438 codici,
369 2358 406 2427 in
429 2381 498 2445 quo
523 2359 592 2427 alia
615 2358 657 2427 de
681 2359 801 2428 ecdem
827 2364 859 2427 S.
887 2359 1081 2439 Ludovico‚
1110 2358 1152 2427 dc
1178 2364 1209 2427 S.
1241 2364 1350 2425 Fran-

56 2484 157 2553 cisco
181 2481 385 2563 clocariis,
413 2482 456 2550 ab
480 2483 629 2573 ipsomet
654 2487 686 2550 S.
714 2488 951 2551 Beneventura
974 2493 1124 2563 narrata,
1142 2492 1343 2551 occurrunt.

152 2606 245 2676 Alter
271 2606 388 2688 codex,
415 2585 599 2696 belgione,
627 2605 756 2675 saeculi
781 2630 843 2686 xv,
872 2628 976 2696 opera
1009 2607 1119 2675 multa
1157 2611 1190 2676 S.
1233 2611 1343 2673 Bona·

17 2790 25 2797 ..
59 2740 230 2801 venturae
252 2729 503 2821 complectitur,
530 2730 620 2799 inter
632 2752 732 2817 quae,
761 2752 890 2821 purum
907 2740 1101 2820 putumque
1116 2729 1256 2799 schema
1277 2738 1343 2796 tra-

19 2906 23 2958 2
60 2855 116 2925 dit
129 2854 315 2945 cujusdam
340 2853 509 2924 sermonis
526 2877 548 2923 o
564 2855 658 2923 beato
673 2859 910 2923 Bonooentnro
933 2856 1087 2922 Parisios
1111 2854 1220 2922 bobt'tc'
1234 2853 1273 2920 dc
1292 2853 1346 2926 oi-

17 3036 26 3047 ,
61 2980 156 3071 pinca·
179 2966 250 3047 octo
273 2979 510 3059 mc'rcbc'lc'bnc,
538 3001 625 3067 qaue
648 2979 684 3047 c'n
706 2980 922 3047 Sacramenta>
954 2980 1077 3046 altaris
1115 2979 1338 3046 continentur.

63 3102 292 3171 Vehementer
314 3102 497 3192 cupiebam
521 3112 555 3170 et
577 3101 704 3199 cupio,
733 3101 828 3170 hunc
862 3122 1077 3182 sarraconem,
1105 3101 1206 3190 cujus
1240 3099 1348 3168 codex

65 3225 227 3314 Belgicus
251 3225 392 3294 nonnisi
415 3225 557 3315 schema
580 3225 649 3304 dat,
678 3224 843 3294 fusiorem
866 3236 899 3294 et
921 3226 1097 3314 integrum
1113 3224 1150 3291 in
1167 3224 1244 3292 aliis
1260 3244 1345 3291 mss

10 3252 25 3489 i
65 3349 334 3436 antiquioribus,
360 3359 463 3435 atque
485 3349 599 3418 eidem
623 3354 881 3418 Bonaventurae
897 3358 1149 3440 praenotatum,
1176 3347 1342 3415 invenire.

11 3494 21 3585 p·
66 3471 132 3541 Sed
156 3471 326 3540 hactenus
362 3493 457 3540 meae
481 3494 602 3541 omnes
626 3471 892 3562 perquisitiones
924 3471 989 3540 hac
1021 3471 1057 3538 in
1088 3481 1185 3560 parte
1215 3490 1345 3538 vacuae

10 3594 20 3697 ’ξ
64 3593 208 3665 suerunt
232 3616 396 3664 successu
419 3594 623 3665 desiderato.
646 3596 798 3671 ‚Utinam
829 3595 897 3663 alio
929 3595 1084 3684 cuipiam
1120 3594 1241 3662 melior
1274 3614 1348 3660 sors

10 3704 24 3793 l
64 3718 259 3809 obtingeret
274 3719 309 3786 in
325 3740 365 3787 eo
377 3719 597 3805 inquirende.
617 3719 651 3788 si
665 3720 744 3807 quis
760 3719 861 3788 illum
877 3719 1045 3787 invenerit
1068 3728 1170 3804 atque
1186 3716 1342 3796 ediderit,

61 3863 171 3929 quam
196 3841 346 3910 maxime
369 3842 540 3933 gaudebo.
569 3843 706 3913 sivero
730 3845 910 3912 inventum
935 3863 1153 3920 sermonem,
1182 3841 1253 3909 sive
1272 3841 1349 3931 jam

11 4016 20 4103 p
61 3966 198 4036 editum
224 3966 294 4034 sive
317 3966 535 4049 anedcctum,
562 3990 602 4036 ac
626 3967 678 4036 vel
702 3967 781 4036 aliis
808 3967 975 4036 tributum
999 3964 1223 4046 auctoribus,
1259 3964 1346 4032 mihi

10 4112 16 4145 r
59 4091 144 4178 quis
168 4088 395 4172 indicaverit,
422 4090 593 4181 plurimas
616 4092 648 4160 ei
672 4091 801 4181 gratias
825 4112 927 4180 agam
942 4101 974 4159 et
989 4089 1134 4158 habebo.
1162 4089 1223 4157 His
1247 4109 1347 4178 prae-

10 4144 17 4317 l
55 4213 192 4285 notatis
216 4213 286 4282 duo
309 4213 392 4296 illa,
418 4214 539 4284 eodem
562 4237 630 4302 quo
654 4213 894 4284 recensuimus
919 4213 1063 4294 ordine,
1104 4213 1253 4294 damus,
1281 4233 1346 4281 nu·

10 4330 13 4335 ⁵
53 4339 171 4412 meris
195 4338 357 4410 distincta
379 4339 526 4410 duobus.
