3022 4844
590 65 634 75 -
658 39 715 95 illl
747 65 791 75 -

52 165 220 235 monendi
243 177 324 236 sunt
351 167 526 257 conjuges
566 167 664 236 aliter
691 168 928 248 continenteS,
964 168 1063 236 aliter
1081 168 1239 257 juvenes,
1268 166 1333 235 ali-

53 281 108 361 ter
132 270 241 371 senes,
274 290 372 360 aliter
400 291 566 381 superbi,
608 292 899 381 praesumptuosi,
926 302 961 360 et
992 291 1090 361 aliter
1105 291 1269 372 humiles,
1295 301 1334 359 ut

53 403 149 482 dicit
170 394 352 504 Gregorius
384 414 447 504 (l),
485 415 568 501 quia
606 414 705 484 debet
746 414 939 485 modificari
980 437 1093 486 sermo
1140 414 1333 486 secundum

53 537 242 607 auditores.
277 539 373 608 Unde
401 539 436 607 in
466 544 562 609 Prov.
603 540 676 629 (2):
715 545 754 608 In
794 540 916 629 plateis
957 562 1066 627 aquas
1104 539 1244 608 dividet.
1278 539 1333 608 lbi-

55 661 198 738 Glossa:
229 668 368 732 Sacram
399 664 608 754 scripturam
634 685 766 754 expone
793 664 986 734 seeundum
1010 663 1245 734 conditionem
1272 686 1335 732 au-

55 785 221 856 ditorum.
259 786 322 857 Sed
353 809 416 859 nos
449 809 518 856 nnn
557 810 681 857 sumus
716 782 925 860 sufficientes
967 788 1117 878 cogitare
1149 786 1281 874 aliquid
1316 809 1336 856 a

47 909 171 993 nobis,
204 911 302 999 quasi
329 934 368 981 ex
396 912 518 993 nohis,
551 911 610 983 sed
646 912 853 983 sufficientia
882 925 999 983 nostra
1026 935 1066 982 ex
1096 917 1162 981 Deo
1190 923 1241 983 est
1269 911 1332 1002 (3),
1358 975 1361 979 ,

55 1034 136 1104 ideo
163 1036 399 1128 inprincipio
428 1059 593 1128 rogamus
622 1048 709 1107 etc.»

146 1160 199 1250 rr)
228 1184 244 1228 a
262 1163 388 1232 Fratris
403 1162 889 1253 Bonaventurae.»-Ineipit:
905 1166 1025 1230 «Inter
1043 1161 1130 1231 alios
1145 1159 1335 1230 vocationis

56 1284 181 1354 modos
193 1339 204 1365 ,
244 1308 337 1357 unus
373 1297 424 1356 est
462 1309 524 1378 per
562 1287 864 1381 praedicationem.
897 1287 992 1356 Unde
1021 1308 1059 1355 os
1091 1285 1336 1376 praedicatoris

56 1405 189 1478 dicitur
216 1407 275 1499 per
302 1410 487 1479 Jeremiam
518 1432 556 1479 os
585 1411 644 1480 Dei
661 1410 781 1497 inquo
809 1414 898 1479 Deus
926 1409 1089 1496 loquitur.
1120 1415 1246 1478 Jerem.
1262 1407 1334 1498 (l):

57 1531 93 1600 Si
132 1534 344 1623 separaveris
381 1535 571 1626 pretiosum
603 1557 632 1620 a,
651 1535 731 1616 vili,
773 1535 874 1621 quasi
910 1557 949 1604 ns
993 1554 1109 1603 meum
1144 1533 1223 1602 eris.
1264 1538 1335 1602 Non

53 1655 149 1724 enim
180 1679 240 1726 vos
267 1658 348 1728 estis
381 1659 441 1746 qui
484 1658 693 1746 loquimini,
724 1654 788 1728 sed
815 1659 960 1749 spiritus
996 1658 1103 1748 patris
1142 1657 1245 1726 vestri
1278 1657 1339 1742 qui

47 1777 213 1866 “loquitur
239 1781 275 1850 in
305 1782 402 1853 robis
429 1782 492 1873 (5).
524 1787 569 1854 De
597 1783 662 1853 isto
691 1782 836 1852 vocandi
867 1782 969 1851 modo
1002 1780 1151 1850 sufficiat
1179 1803 1251 1850 una
1277 1802 1339 1849 au-

54 1903 210 1974 ctoritas¹
234 1911 329 1975 Prov.
359 1907 433 1997 (6),
474 1907 535 1976 ubi
574 1907 718 1976 dicitur:
749 1908 926 1997 Sapientia
964 1907 1157 1996 aedificavit
1186 1906 1251 1974 stat·
1280 1905 1338 1974 do-

56 2050 164 2110 mum,
195 2028 283 2099 idest
317 2031 523 2101 Ecclesiam:
554 2032 638 2102 haec
667 2043 717 2131 est
747 2031 873 2100 domus
902 2031 1038 2100 Domini
1066 2029 1212 2099 firmiter
1242 2029 1337 2098 aedi-

22 2147 24 2150 ⁴
57 2151 161 2222 ficata
195 2153 257 2243 (7).
298 2150 435 2226 nocida
465 2159 502 2226 in
542 2180 583 2226 eu
624 2159 796 2227 columnus
830 2167 978 2247 septem,
1022 2158 1211 2224 imrnoluot't
1237 2155 1339 2222 -va'etl-

55 2298 147 2346 mum
174 2278 237 2368 (8),
273 2279 402 2350 seilicet
426 2282 598 2371 passionis
631 2303 726 2361 suae,
754 2281 837 2368 quia
866 2279 1054 2350 Ecclesiam
1080 2278 1250 2369 sapientia
1274 2299 1339 2347 sua

1350 730 1368 793 l

55 2401 278 2471 consecravit.
304 2405 420 2472 Posuit
454 2427 602 2474 mensum
625 2405 688 2495 (9),
715 2396 845 2496 scilicet
869 2424 986 2474 sacrae
1010 2403 1214 2492 scripturae.
1243 2401 1338 2471 Psal-

55 2545 136 2594 mus
170 2524 264 2615 (l0):
290 2523 432 2597 ‘Parasti
467 2528 507 2597 in·
533 2540 720 2619 conspeetu
755 2538 813 2597 tuo
837 2548 1006 2596 mensam.
1034 2527 1166 2594 Mt'seuit
1191 2526 1332 2605 vinnm,

54 2646 145 2716 idest
168 2649 395 2740 multiplicem
428 2673 544 2721 sacrae
568 2652 759 2742 scripturae
782 2650 1007 2720 intellectum.
1036 2653 1165 2718 Sensus
1194 2647 1339 2716 literalis

54 2782 107 2842 est
131 2773 222 2842 sicut
250 2797 351 2862 aqua,
370 2798 494 2847 sensus
518 2777 697 2866 mysticus
726 2775 969 2867 tropologicus,
995 2785 1028 2844 et
1052 2771 1266 2864 anagogicus
1288 2783 1340 2842 est

56 2897 149 3002 sicut
173 2898 305 2970 vinum.
346 2906 433 2992 Ergo
463 2901 584 2971 vinum
613 2923 694 2971 cum
730 2922 820 2987 aqua
849 2909 900 2969 est
932 2921 1056 2970 sensus
1088 2896 1232 2967 literalis
1258 2917 1340 2966 oum

55 3023 217 3112 mystico.
248 3027 337 3094 Misit
365 3027 510 3095 ancillas
536 3025 631 3116 (ll),
662 3025 761 3107 idest,
794 3024 1058 3116 praedicatores,
1089 3023 1151 3110 qui
1174 3021 1342 3091 dicuntur

53 3147 207 3217 ancillae
231 3160 369 3239 propter
408 3149 656 3240 subjectionem
686 3148 880 3231 servitutis,
913 3158 1053 3239 propter
1088 3146 1341 3238 reputationem

86 3366 117 3413 (1)
134 3363 194 3415 Regi
206 3363 298 3414 pastori
311 3373 335 3413 p.
351 3364 363 3404 3
376 3364 402 3404 in
415 3365 506 3414 prolog.

85 3447 115 3494 (2)
131 3445 151 3490 6,
165 3452 189 3484 v.
203 3443 236 3490 1⁶,
250 3452 324 3492 muna
338 3447 395 3484 tuna.

85 3524 116 3574 (3)
131 3524 144 3564 1
160 3523 211 3564 cor.
226 3523 246 3570 8,
260 3533 282 3563 v.
296 3525 316 3564 ⁵.

84 3606 116 3654 (4)
131 3604 164 3652 15,
177 3612 200 3644 ν.
216 3603 249 3645 19.

84 3685 114 3733 (ὅ)
129 3682 215 3722 Matth.
230 3683 264 3728 10,
278 3692 300 3722 v.
315 3684 347 3722 4⁰.

84 3763 115 3811 (6)
130 3763 149 3808 9,
163 3772 185 3802 v.
202 3763 222 3803 1.

85 3844 115 3890 t't)
129 3843 199 3883 Bran.
214 3842 279 3882 Rom.
293 3841 319 3882 in
331 3842 427 3882 Dedicat.
443 3841 557 3883 Eccum.

86 3924 118 3973 (8)
131 3924 201 3964 Prov.
214 3923 234 3970 9,
248 3932 272 3964 v.
287 3924 306 3963 1.

86 4003 238 4052 mmmm

85 4083 132 4132 (10)
146 4084 180 4130 11,
192 4092 216 4126 v.
230 4084 250 4122 5.

87 4164 131 4212 (11)
145 4165 213 4204 Prov.
228 4164 248 4209 9,
262 4173 283 4203 v.
298 4163 317 4203 3.
