3022 4844
100 413 152 465 43.
169 406 415 476 Contemplatio
431 406 609 462 duodecim
633 406 808 462 fructuum
823 406 953 462 arboris
976 411 1109 461 sanctae

54 500 182 557 crucis.
200 497 288 569 incip.
316 495 338 552 0
354 513 422 553 crux
437 495 532 552 frutex
546 493 717 551 salvificus..
734 493 820 568 Cujus
834 493 887 552 flos
902 497 1081 550 aromaticus.
1168 513 1277 565 certum

64 773 150 783 .-
1130 762 1312 772 ———---

98 819 151 871 44.
177 815 417 870 meditationes
441 814 587 882 carmine
613 812 759 880 scriptae
780 813 816 867 in
839 816 968 879 septem
989 812 1109 867 verba.

53 917 146 974 quae
160 905 195 960 in
209 917 308 960 eruce
323 903 477 957 Christus
491 903 655 957 Dominus
681 900 838 968 protulit.
868 898 956 970 Incip.
981 897 1048 956 Jesu
1070 917 1099 965 sa
1168 935 1276 986 eertum
1305 947 1307 951 ,

56 995 127 1048 lutis
142 993 245 1060 hestia,
263 991 362 1046 salutis
377 988 556 1046 sacrificium.
635 1007 637 1010 ⁴

1014 1157 1107 1170 μ’
1132 1156 1309 1169 *

95 1204 147 1257 45.
174 1201 325 1256 Leonina
350 1201 499 1255 carmina
522 1200 563 1254 de
600 1199 755 1254 doctrina
776 1199 986 1266 proficiendi.
1023 1197 1109 1269 incipi

53 1287 143 1355 Laus,
160 1287 258 1356 honor,
273 1304 289 1344 o
305 1286 427 1356 Christe,
444 1297 492 1342 tua
507 1285 598 1355 gloria
613 1288 648 1342 sit
663 1283 735 1342 liber
749 1286 811 1344 iste.
1055 1280 1060 1289 ’
1098 1282 1100 1286 ’
1163 1293 1272 1364 eertum

156 2064 313 2128 Jamvero
352 2082 391 2128 ex
432 2058 691 2128 dissonantibus
722 2080 903 2127 censorum
942 2059 1085 2150 judiciis
1132 2059 1173 2129 de
1213 2059 1325 2151 operi-

54 2184 119 2254 bus
157 2184 315 2253 editionis
348 2185 559 2264 Vaticanae,
606 2159 696 2270 quod
736 2183 858 2274 majori
896 2196 928 2253 et
964 2185 1136 2255 rationum
1165 2186 1323 2276 'pondere

10 2388 16 2405 Ι
54 2333 92 2379 ac
118 2310 257 2380 testium
281 2311 479 2380 auctoritate
514 2309 680 2390 fulcitur,
722 2308 808 2378 illud
837 2321 925 2379 certe
948 2322 998 2380 est
1021 2312 1128 2402 patris
1151 2312 1324 2381 Benedicti

12 2440 15 2451 '
53 2432 205 2514 Bonelli;
245 2457 284 2503 ac
308 2457 409 2505 nemo
439 2435 621 2514 cordatuS,
662 2434 722 2521 qui
756 2434 981 2504 Prodrcmum
1011 2438 1053 2506 ab
1077 2437 1320 2530 illocomposi-
1390 2514 1395 2525 ,
1502 2476 1507 2484 -

53 2572 128 2631 tum
151 2547 274 2631 attente
291 2560 480 2652 perlegerit,
499 2572 686 2651 negaturus
702 2561 776 2643 erit,
801 2561 837 2629 in
857 2562 1050 2632 asserendis
1075 2562 1125 2632 vel
1153 2563 1320 2655 negandis

53 2685 239 2776 Seraphico
264 2686 395 2755 Ductori
419 2686 580 2776 operibus
595 2686 872 2772 quibuscumque
896 2687 960 2755 sub
984 2687 1058 2777 ejus
1082 2688 1221 2757 nomine
1244 2689 1320 2758 vul-

52 2810 154 2902 gatis
183 2811 345 2880 standum
369 2833 443 2881 esse
466 2811 501 2880 in
529 2791 803 2881 omnibusillius
827 2811 1025 2895 sententiae,
1043 2812 1152 2883 donec
1175 2813 1319 2882 certiora

53 2927 252 3014 diseamus.¹
271 2935 333 3004 Sed
358 2938 476 3005 contra
500 2935 639 3018 factum,
655 2947 693 3006 ut
710 2936 877 3006 hactenus
892 2936 1046 3028 plerique
1069 2960 1212 3029 operum
1237 2938 1319 3007 scri-

49 3070 166 3152 ptores
189 3073 221 3129 et
244 3061 509 3143 concionatores
528 3073 628 3149 atque
643 3083 682 3130 ex
697 3061 740 3130 iis
762 3062 864 3131 etiarn
889 3063 949 3150 qui
972 3086 1075 3155 opera
1099 3067 1131 3133 S.
1149 3066 1323 3132 Bonaven-

21 3174 25 3179 ⁴
48 3199 152 3256 turae
166 3186 201 3254 in
226 3186 426 3256 vernaculas
451 3187 588 3278 linguas
612 3197 794 3270 verterunt,
822 3200 880 3258 aut
903 3188 1131 3271 illustrarunt,
1153 3189 1201 3259 ita
1215 3188 1323 3259 secuti

48 3311 180 3381 suerint
203 3316 391 3380 Romanam
416 3311 610 3395 editionem,
638 3335 676 3381 ac
701 3313 730 3380 si
753 3314 869 3383 omnia
892 3337 979 3401 quae
1003 3314 1064 3383 illa
1084 3315 1323 3406 complectitur

47 3459 177 3529 opera,
203 3460 367 3527 germana
389 3437 509 3506 forent.
545 3437 608 3506 Alii
645 3461 743 3520 vero,
770 3451 828 3508 aut
852 3439 978 3508 Oudini
1011 3440 1213 3510 sententiam
1237 3439 1291 3510 res
1307 3481 1323 3491 -

47 3574 154 3642 runt,
182 3574 241 3631 aut
264 3563 396 3633 Venetis
419 3562 629 3643 editoribuS,
658 3586 805 3650 quorum
837 3564 1021 3635 editionem
1056 3588 1137 3656 prae
1161 3567 1322 3636 manibus

47 3687 263 3771 habuissent,
290 3688 394 3758 fidem
409 3688 684 3780 adstipulantur:
710 3702 743 3761 et
766 3691 904 3760 nonnisi
920 3692 1084 3782 perpauci
1105 3692 1147 3762 ad
1163 3715 1332 3762 normam·

45 3814 236 3897 Prodromi,
263 3837 366 3906 opera
389 3838 553 3906 germana
579 3839 599 3884 a
622 3815 849 3907 supposititiis
877 3815 1097 3908 distinguunt
1112 3829 1144 3886 et
1159 3817 1318 3908 allegant.

45 3946 115 4011 Nee
139 3952 189 4009 est
216 3963 279 4010 cur
301 3941 335 4009 id
365 3941 542 4022 miremur,
571 3963 650 4010 curn
675 3942 750 4011 ideo
776 3942 982 4011 Prodromus
1006 3966 1026 4011 a
1049 3943 1208 4034 pluribus
1223 3944 1321 4035 igno-

46 4076 166 4147 retur,
201 4078 260 4136 aut
286 4066 441 4136 adhiberi
465 4080 633 4154 nequeat,
662 4068 743 4154 quia
771 4063 980 4159 paucissima
1012 4069 1086 4160 ejus
1113 4068 1322 4160 exemplaria

48 4192 260 4283 supersunt,
285 4214 326 4261 ac
348 4214 426 4261 raro
450 4191 551 4261 illum
575 4192 729 4262 invenias
752 4193 787 4262 in
813 4193 1027 4264 bibliothecis
1051 4193 1178 4276 Italiae,
1209 4194 1321 4264 rarius

10 4296 20 4311 μ
60 4306 190 4400 uobue
209 4315 247 4387 in
274 4316 498 4401 Germanicis
525 4318 713 4388 ric—nullibi
740 4341 826 4410 pene
854 4319 889 4388 in
915 4320 1086 4403 Helvetia,
1115 4321 1150 4388 in
1175 4331 1320 4409 utroque

392 4452 427 4515 st.
443 4440 481 4543 in
502 4420 636 4537 ligiis.
1115 4430 1121 4435 ’
