3022 4844
33 95 215 176 haberet,
242 92 571 181 frequentissimuS,
598 93 659 180 qui
682 93 822 174 aderat,
852 93 1048 163 auditorum
1075 106 1262 167 conventus
1284 109 1339 167 te-

39 231 186 293 statur.
215 218 400 290 Chronicae
423 218 518 288 enim
541 217 810 308 vigintiquatuor
846 219 1065 288 Generalium
1103 220 1340 292 Ministrorum

41 343 204 417 Ordinis
229 349 261 413 S.
289 342 462 413 Francisci
487 342 650 424 tradunt,
677 342 769 430 quod
796 348 1054 425 Bonaventura,
1081 346 1235 414 Parisius
1262 348 1339 416 eari-

39 482 162 552 steus,
198 471 280 559 leqit
304 479 336 538 et
367 470 523 560 emposuit
545 470 698 560 prinlum
733 470 921 559 capitulum
953 469 1032 537 libri
1061 471 1204 552 Genesis,
1222 473 1339 541 mulis

45 594 142 665 laiac
169 594 249 662 inde
275 594 377 684 quasi
400 593 699 662 innumerabilibus
723 593 768 661 ad
791 594 963 661 lectionem
980 593 1228 683 confluentibus.
1248 595 1338 664 Illud

44 718 168 789 eliam
203 728 345 817 testatur¹
376 718 568 788 lamentum
602 717 784 808 cujusdam
818 717 1006 807 exceptoris
1029 740 1145 787 amare
1177 718 1335 803 dolentiS,

48 842 158 933 quod
182 848 446 926 Bonaventura,
473 843 517 913 ob
541 842 789 934 promotionem
823 842 866 911 ad
904 841 1161 912 Cardinalitiam
1192 843 1340 934 dignita-

53 978 146 1051 tem,
172 974 214 1038 et‘
228 968 372 1049 obitum,
399 968 555 1038 hasnon
580 967 728 1058 potuerit
750 966 913 1037 lectiones
927 967 1112 1037 absolvere:
1138 972 1224 1049 Heu,
1258 969 1334 1049 beu,

56 1092 146 1163 beu!
175 1096 427 1185 superueniente
455 1104 547 1163 statu
575 1094 764 1173 eucelsiori,
801 1103 832 1162 et
860 1094 950 1161 uitae
979 1115 1117 1162 eucessu
1153 1094 1281 1162 domini
1307 1104 1339 1163 et
1405 1110 1408 1119 ·

61 1221 230 1309 mapistri
265 1220 367 1309 bajus
401 1221 521 1310 operis,
552 1220 820 1309 prosecutionem
850 1219 1066 1308 prosecuturi
1104 1240 1168 1286 non
1204 1240 1339 1308 accepe-

12 1326 145 1413 ⁵''''runt
174 1341 237 1433 (l).
264 1349 443 1413 Testantur
465 1353 639 1434 praeterea
663 1364 745 1411 mss.
784 1341 941 1423 codices,
968 1363 1116 1429 quorum
1149 1342 1339 1411 differentia

10 1444 13 1451 Ι
62 1467 225 1550 ostendit,
252 1469 428 1560 hocopus
452 1491 520 1538 nan
545 1468 589 1538 ab
612 1490 703 1549 uno,
730 1467 789 1537 sed
814 1490 834 1537 a
859 1466 978 1537 multis
1001 1466 1217 1537 auditoribus
1242 1489 1338 1536 erce-

61 1601 165 1685 ptum
189 1590 296 1662 fuisse
319 1603 351 1662 et
375 1593 411 1660 in
435 1593 570 1663 tabulas
594 1593 753 1662 relatum.
780 1592 956 1682 Ejusmodi
986 1604 1100 1661 autem
1129 1591 1339 1661 differentiae

64 1714 123 1786 hie
148 1716 341 1807 specimina
363 1717 564 1787 exhibemus
587 1717 768 1805 aliquant
795 1717 849 1786 vel
865 1717 944 1786 inde
959 1717 1063 1787 lector
1075 1716 1245 1797 addiscat,
1265 1739 1339 1787 mo-

63 1852 254 1922 numenta,
282 1864 371 1929 quae
403 1842 534 1913 dictum
567 1864 655 1934 opus
692 1854 903 1934 reportatum
936 1864 1004 1912 non
1029 1864 1107 1912 vero
1131 1842 1174 1911 ab
1202 1852 1339 1912 auctore

65 1965 237 2057 scriptum
260 1977 441 2049 asserunt,
478 1967 584 2037 fidem
618 1967 753 2037 mereri.
782 1967 846 2036 Sed
870 1967 913 2036 ob
937 1967 1022 2037 alias
1055 1967 1166 2058 magis
1190 1967 1340 2037 rationes

64 2112 173 2179 quam
196 2091 240 2160 ob
264 2091 428 2173 allatam,
455 2114 495 2162 ea
522 2092 649 2162 damus
683 2092 896 2184 specimina;
923 2103 962 2162 ut
994 2093 1124 2162 scilicet
1158 2093 1335 2174 videatur,

62 2225 237 2303 quantum
261 2237 362 2307 saepe
384 2217 572 2286 intercedat
594 2216 805 2286 discriminis
829 2217 918 2286 inter
941 2239 1029 2308 opus
1054 2217 1185 2286 editum
1209 2228 1241 2287 et
1263 2217 1339 2306 ejus

62 2360 150 2409 mss.
177 2340 323 2421 codices,
350 2341 387 2409 in
410 2342 515 2410 rebus
537 2341 688 2410 maxime
711 2364 751 2411 ex
776 2364 835 2411 ore
859 2342 1004 2411 dicentis
1018 2342 1209 2432 reportatis:
1225 2363 1338 2428 quan-

61 2472 211 2551 tumque
234 2463 378 2547 intersit,
404 2466 658 2558 manuscriptos
682 2466 817 2536 codices
830 2476 904 2535 tum
922 2467 1010 2536 inter
1025 2489 1071 2548 se,
1097 2489 1178 2535 cum
1198 2465 1239 2534 de
1256 2487 1338 2534 ane-

58 2588 177 2661 cdotis
192 2590 317 2681 agitur,
335 2602 408 2660 tum
432 2614 512 2661 cum
527 2591 736 2662 editionibus
751 2591 932 2682 diligenter
949 2590 1112 2672 conferre,
1130 2591 1173 2660 ad
1198 2590 1333 2672 menda,

60 2736 157 2805 quae
180 2715 362 2802 utrobique
384 2716 608 2808 irrepserunt,
634 2716 794 2786 tollenda:
821 2726 854 2786 et
876 2726 1044 2804 quantum
1068 2715 1170 2785 etiam
1195 2715 1334 2799 laboris,

59 2838 226 2911 solertiae
249 2851 282 2911 et
311 2840 416 2910 studii
440 2841 632 2928 requiratur
656 2841 699 2910 ad
735 2840 851 2910 omnia
881 2841 1075 2932 sphalmata
1109 2839 1334 2910 eliminanda.

58 2968 164 3049 Quae
185 2962 327 3051 quidem
351 2973 398 3034 tot
430 2975 510 3035 sunt
541 2964 759 3052 quandoque,
784 2974 823 3034 ut
846 2987 886 3034 ea
911 2966 1031 3036 omnia
1056 2965 1192 3057 penitus
1225 2938 1337 3034 deter-

55 3110 161 3183 gere,
185 3088 279 3159 idem
302 3088 451 3180 profecto
474 3101 562 3159 esset
585 3111 624 3159 ac
648 3088 734 3159 velle
757 3090 884 3181 lugiae
908 3091 1082 3160 stabulum
1106 3112 1307 3181 expurgare.

157 3212 314 3283 Priorum
336 3224 512 3301 quartuor,
540 3236 628 3302 quae
644 3213 700 3283 hic
717 3213 853 3296 damUS,
873 3215 1113 3307 speciminum,
1130 3215 1227 3285 nulla
1242 3237 1338 3306 pror-

57 3360 128 3409 sus
155 3336 354 3439 sphalmata·
372 3338 619 3423 emendamuS,
646 3339 706 3408 sed
730 3339 777 3408 ita
801 3339 1022 3422 exhibemuS,
1048 3350 1087 3409 ut
1107 3339 1262 3428 ssfideliter
1285 3362 1338 3409 re-

56 3464 180 3535 ferant
204 3473 278 3533 tum
301 3463 485 3535 editionem
509 3469 711 3548 Romanam,
732 3476 805 3536 tum
830 3467 963 3536 codices
978 3465 1064 3535 daos
1083 3466 1338 3556 manuscriptos

56 3586 183 3681 operis
214 3590 508 3659 llluminatianum
534 3593 702 3660 Ecclesiae
736 3594 771 3660 in
801 3596 1043 3661 Heaaaemeron.
1076 3596 1227 3672 Quatuor
1258 3611 1337 3660 vero

56 3710 206 3789 damus
226 3717 265 3777 ut
279 3708 375 3778 amni
398 3710 463 3779 sub
480 3721 620 3802 aspectu
631 3711 868 3781 convenientia
881 3725 913 3781 et
929 3711 1231 3793 disconvenientia,
1249 3732 1338 3798 quae

58 3833 240 3927 reperitur
261 3834 299 3903 in
327 3856 412 3905 mss.
450 3836 626 3907 codicibus
661 3858 741 3907 cum
777 3836 923 3907 editione
961 3836 1179 3929 comparatis,
1206 3837 1342 3909 innote-

116 4128 147 4181 (1)
159 4129 191 4171 In
206 4128 349 4173 Addltlonlb.
365 4132 394 4174 ad
408 4132 524 4175 untur.
544 4134 630 4182 maer..
646 4143 698 4185 pag.
711 4134 743 4182 lo,
757 4133 801 4175 col.
821 4133 839 4174 1.
858 4133 914 4175 edit.
934 4133 1007 4177 Valla.
1024 4134 1079 4176 tom
1101 4133 1121 4176 1.

1211 4195 1250 4268 ll

452 4380 489 4433 fa?
