3022 4844
651 255 694 268 -
718 219 851 285 223-

102 352 181 436 tico,
208 354 266 425 cui
291 367 458 446 praeerat,
485 376 561 425 mos
583 355 864 427 introduceretur
883 354 1035 427 habendi
1052 353 1088 421 in
1112 352 1263 423 comitiis
1284 375 1388 444 gene-

106 476 239 548 ralibus
263 478 426 569 publicas
448 479 701 570 disputationes
724 479 788 571 (l).

192 606 409 693 Quapropter
431 624 495 694 ego
518 604 693 690 quaesivi,
720 614 753 673 et
783 612 950 690 quotquot
985 600 1072 673 mihi
1095 610 1324 673 occurrerunt
1348 599 1386 670 in

113 719 321 796 bibliothecis
344 726 602 818 manuscriptae
624 728 843 814 quaestiones
876 726 1071 816 disputatae
1103 734 1136 795 et
1167 725 1381 815 quodlibeto,

116 848 303 934 praesertim
324 838 510 940 anonyma,
537 851 722 942 diligenter
741 849 872 920 evolvi:
898 861 1003 936 atque
1023 849 1072 920 ita
1094 870 1278 936 quaerens
1303 870 1384 939 prc-

117 968 223 1041 tiosam
246 983 339 1042 certe
360 995 425 1064 pro
448 995 504 1042 me
529 975 754 1066 margaritam
777 974 894 1044 iuveni
917 974 956 1043 in
980 972 1133 1059 quodam
1157 972 1276 1042 codice
1306 993 1383 1040 sae-

103 1094 174 1163 culi
203 1120 281 1178 xm,
308 1118 413 1183 quem
437 1119 499 1188 pro
522 1120 698 1189 anonymo
725 1098 903 1189 catalogus
928 1097 1056 1178 habet,
1083 1106 1217 1186 partem
1250 1095 1381 1164 scilicet

117 1220 341 1303 quaestionum
364 1218 632 1310 disputaturum,
659 1245 680 1290 a
703 1221 817 1312 prima
848 1243 959 1290 manu
986 1221 1093 1309 fratri
1124 1224 1380 1291 Bonaoenturue

115 1336 355 1434 inscriptorum,
381 1365 471 1430 quae
493 1355 636 1415 eatenus
660 1345 854 1415 doctrinam
878 1355 911 1414 et
935 1344 1055 1414 stilum
1083 1342 1235 1412 Doctoris
1269 1342 1380 1411 nostri

114 1464 157 1532 uti
175 1489 273 1536 orum
306 1487 369 1535 ovo
398 1466 549 1537 similem
572 1468 737 1551 referunt,
764 1480 804 1539 ut
825 1469 878 1538 vel
903 1467 932 1536 si
956 1488 1152 1556 anonymae
1185 1474 1319 1543 essent,
1346 1465 1379 1535 ei

113 1591 173 1657 tuto
187 1590 336 1660 adscribi
351 1601 502 1684 possent.
522 1592 606 1661 Dein
628 1614 708 1662 vero
731 1615 772 1663 ex
794 1591 850 1661 his
873 1602 907 1661 et
930 1614 1011 1661 cum
1035 1590 1090 1660 his
1112 1593 1373 1671 concordantes,

108 1702 331 1804 duodeviginti
355 1713 468 1806 reperi
495 1737 690 1804 anonymus
718 1715 755 1785 in
781 1715 850 1785 alio
881 1715 1119 1804 manuscripto
1142 1715 1271 1797 codice,
1300 1737 1375 1787 sae-

105 1831 171 1902 culi
190 1838 316 1926 pariter
340 1837 570 1920 decimitertii,
588 1861 628 1907 ac
651 1839 791 1908 tandem
812 1839 849 1906 in
874 1838 973 1908 tertio
987 1837 1105 1907 codice
1123 1839 1280 1928 ejusdem
1297 1839 1371 1909 aeui

104 1958 168 2028 ires
195 1962 323 2044 inveni,
359 1964 481 2045 tribus,
517 1985 605 2050 quas
638 1964 708 2033 duo
740 1965 873 2054 priores
896 1964 1033 2032 codices
1061 1964 1233 2046 exhibent,
1259 1986 1378 2036 corre-v

101 2083 312 2164 spondentes.
344 2091 459 2174 Neque
489 2086 579 2156 hanc
608 2109 753 2177 parvam
775 2109 837 2176 ego
862 2086 1009 2155 dixerim
1032 2086 1160 2155 bonam
1183 2087 1371 2181 fortunam,

97 2206 228 2277 easdem
261 2209 391 2278 scilicet
423 2210 643 2295 quaestiones
674 2211 711 2279 in
744 2210 823 2279 aliis
856 2233 941 2280 mss.
973 2210 1152 2280 codicibus
1176 2212 1368 2283 invenisse:

96 2330 371 2418 quandoquidem
391 2331 522 2420 absque
544 2332 612 2415 his,
635 2355 700 2402 nec
721 2334 894 2403 variantes
918 2332 1082 2402 lectiones
1106 2335 1281 2424 praebere,
1308 2357 1371 2405 nec

96 2452 206 2522 omnia
228 2453 361 2523 librarii
385 2454 513 2543 menda
534 2465 635 2537 recte,
664 2478 726 2525 seu
749 2456 793 2525 ad
818 2467 968 2525 mentem
990 2455 1168 2546 scriptoris
1182 2459 1365 2548 corrigere,

96 2574 150 2645 Vel
174 2594 260 2653 certe
282 2584 318 2653 id
342 2606 411 2654 non
435 2585 568 2667 eadem,
595 2607 666 2672 qua
689 2585 768 2654 aliis
801 2596 902 2655 utens
931 2607 1015 2654 mss.
1042 2582 1220 2673 exemplis,
1248 2593 1365 2650 aucto-

96 2688 185 2775 litua
206 2719 380 2796 praestare
403 2730 554 2799 possem.
582 2713 669 2778 Sunt
693 2718 810 2778 autem
833 2708 993 2778 inventae
1016 2707 1247 2794 quaestiones,
1271 2702 1367 2772 haud

96 2806 139 2892 [lu
157 2826 271 2899 breves
302 2853 344 2900 ac
374 2831 456 2901 illae
487 2853 577 2918 quae
608 2831 786 2901 habentur·
812 2832 850 2900 in
883 2831 990 2901 libros
1030 2829 1284 2900 Sententiarum
1320 2826 1365 2897 ab

96 2946 202 3019 utem
233 2957 474 3023 Bonaventura
508 2953 676 3044 scriptae,
704 2953 764 3023 sed
797 2953 895 3023 fusae
931 2952 1123 3044 plurimum
1135 2975 1148 3033 ·;
1174 2953 1211 3020 in
1235 2950 1370 3038 quibus-

96 3073 254 3144 >armata
286 3086 492 3167 argumenta
531 3077 601 3146 sive
625 3098 687 3181 pro
714 3077 785 3146 sire
812 3088 932 3147 contra
955 3076 1167 3167 propositam
1191 3073 1365 3161 quaestio-

96 3201 162 3263 lcm
192 3198 340 3268 allereus
374 3199 584 3290 seraphicus
614 3205 751 3283 Doctor,
788 3201 893 3290 longa
924 3200 1004 3268 dein
1039 3199 1249 3269 resolutione
1286 3219 1364 3265 eam

96 3321 250 3404 urminat,
277 3345 317 3392 ac
341 3322 384 3392 de
408 3346 503 3393 more
527 3324 570 3393 ad
594 3324 728 3415 objecta
750 3324 868 3392 omnia
892 3322 1087 3414 respondet.
1115 3328 1154 3390 ln
1179 3321 1363 3411 impressis

96 3441 116 3511 l.
140 3449 398 3515 Beneventurae
418 3447 582 3538 operibus
604 3447 751 3516 unicum
775 3447 950 3538 specimen
977 3446 1218 3533 quaestionum
1242 3444 1364 3534 dispu-

96 3578 238 3650 atarum,
270 3592 359 3656 quas
393 3570 468 3660 ipse
502 3569 635 3652 habu-it,
662 3571 697 3639 in
722 3570 891 3661 opusculo
915 3569 1065 3639 occurrit
1087 3568 1180 3655 quod
1205 3569 1246 3635 de
1269 3590 1361 3656 pou-

96 3701 206 3760 rertate
237 3694 364 3762 c.-'m‘att
389 3693 613 3773 inscribitur,
640 3693 802 3779 quodque
834 3714 908 3773 nos,
944 3691 1105 3782 opusculi
1135 3689 1235 3759 titulo
1260 3710 1359 3778 prae-

96 3815 249 3896 truisso,
277 3816 329 3884 vel
356 3818 672 3907 manuscriptorum
694 3817 735 3886 ud
760 3817 795 3885 id
820 3816 1018 3885 faciendum
1035 3815 1236 3884 auctoritate
1259 3833 1355 3881 com-

99 3937 188 4018 ulsi,
226 3943 437 4029 quaestiones
472 3941 513 4009 dc
544 3952 750 4032 paupertate
785 3941 913 4012 Cbristt'
939 3950 1000 4009 cto.
1035 3939 1070 4006 in
1098 3960 1187 4006 nova
1208 3934 1359 4007 editione

96 4060 320 4129 ascribemus.

96 4251 683 4304 (t)Iusrpylem.siborlptor.ord.1dln.cot.
703 4255 749 4302 ur,
772 4254 798 4295 ct
811 4252 837 4295 in
851 4253 981 4296 rrotremo
998 4252 1028 4292 cd
1045 4252 1123 4301 crare
1135 4251 1159 4292 s.
1175 4252 1364 4299 Icttvrnttrre,

96 4330 119 4371 1.
135 4330 170 4371 89.
